@inproceedings{2010Technology,
    title = {{2010 IEEE International Conference on Industrial Technology}},
    booktitle = {2010 IEEE International Conference on Industrial Technology},
    publisher = {IEEE},
    address = {Vi a del Mar , Chile},
    isbn = {978-1-4244-5695-6}
}

@inproceedings{3rdInformatics,
    title = {{3rd IEEE International Symposium on Logistics and Industrial Informatics}},
    booktitle = {2011 3rd IEEE International Symposium on Logistics and Industrial Informatics (LINDI 2011)},
    publisher = {IEEE},
    address = {Budapest, Hungary},
    isbn = {978-1-4577-1842-7}
}

@misc{2018AR.,
    title = {{A Clean Planet for All, A European Strategic Long Term Vision for a Prosperous, Modern, Competitive and Climate Neutral Economy by 2050 r.}},
    year = {2018},
    institution = {European Commission}
}

@misc{EuropeanCommission2018AR.,
    title = {{A Clean Planet for All, A European Strategic Long Term Vision for a Prosperous, Modern, Competitive and Climate Neutral Economy by 2050 r.}},
    year = {2018},
    author = {{European Commission}},
    institution = {European Commission}
}

@article{ETSAP2008AModels,
    title = {{A comparison of the times and markal models}},
    year = {2008},
    journal = {International Energy Agency},
    author = {{ETSAP}}
}

@article{ETSAP2008AModelsb,
    title = {{A comparison of the times and markal models}},
    year = {2008},
    journal = {International Energy Agency},
    author = {{ETSAP}}
}

@article{Koushik2019AStudy,
    title = {{A comprehensive optimization model for integrated solid waste management system: A case study}},
    year = {2019},
    journal = {Environmental Engineering Research},
    author = {Koushik, Paul and Subhasish, Chattopadhyay and Amit, Dutta and Akhouri, Krishna P and Subhabrata, Ray},
    number = {2},
    pages = {220--237},
    volume = {24},
    doi = {10.4491/eer.2018.132},
    issn = {1226-1025}
}

@article{OliveiraSimonetto2007ACollection,
    title = {{A decision support system for the operational planning of solid waste collection}},
    year = {2007},
    journal = {Waste management (New York, N.Y.)},
    author = {Oliveira Simonetto, Eugênio and Borenstein, Denis},
    number = {10},
    pages = {1286--1297},
    volume = {27},
    doi = {10.1016/j.wasman.2006.06.012},
    issn = {0956-053X},
    language = {eng}
}

@article{Matthopoulos2019AProblem,
    title = {{A firefly algorithm for the heterogeneous fixed fleet vehicle routing problem}},
    year = {2019},
    journal = {International Journal of Industrial and Systems Engineering},
    author = {Matthopoulos, Panagiotis Petros and Sofianopoulou, Stella},
    number = {2},
    volume = {33},
    doi = {10.1504/IJISE.2019.102471},
    issn = {17485045}
}

@article{Matthopoulos2019AProblemb,
    title = {{A firefly algorithm for the heterogeneous fixed fleet vehicle routing problem}},
    year = {2019},
    journal = {International Journal of Industrial and Systems Engineering},
    author = {Matthopoulos, Panagiotis Petros and Sofianopoulou, Stella},
    number = {2},
    volume = {33},
    doi = {10.1504/IJISE.2019.102471},
    issn = {17485045}
}

@article{Matthopoulos2019AProblemc,
    title = {{A firefly algorithm for the heterogeneous fixed fleet vehicle routing problem}},
    year = {2019},
    journal = {International Journal of Industrial and Systems Engineering},
    author = {Matthopoulos, Panagiotis Petros and Sofianopoulou, Stella},
    number = {2},
    volume = {33},
    doi = {10.1504/IJISE.2019.102471},
    issn = {17485045}
}

@article{Matthopoulos2019AVRP,
    title = {{A Firefly Algorithm for the Heterogeneous Fixed Fleet VRP}},
    year = {2019},
    journal = {International Journal of Industrial and Systems Engineering},
    author = {Matthopoulos, Panagiotis Petros and Sofianopoulou, Stella},
    number = {2},
    volume = {33},
    doi = {10.1504/ijise.2019.10016698},
    issn = {1748-5037}
}

@article{Matthopoulos2019AVRPb,
    title = {{A Firefly Algorithm for the Heterogeneous Fixed Fleet VRP}},
    year = {2019},
    journal = {International Journal of Industrial and Systems Engineering},
    author = {Matthopoulos, Panagiotis Petros and Sofianopoulou, Stella},
    number = {2},
    volume = {33},
    doi = {10.1504/ijise.2019.10016698},
    issn = {1748-5037}
}

@article{Matthopoulos2019AVRPc,
    title = {{A Firefly Algorithm for the Heterogeneous Fixed Fleet VRP}},
    year = {2019},
    journal = {International Journal of Industrial and Systems Engineering},
    author = {Matthopoulos, Panagiotis Petros and Sofianopoulou, Stella},
    number = {2},
    volume = {33},
    doi = {10.1504/ijise.2019.10016698},
    issn = {1748-5037}
}

@article{Taillard1999AVRP,
    title = {{A heuristic column generation method for the heterogeneous fleet VRP}},
    year = {1999},
    journal = {RAIRO - Operations Research},
    author = {Taillard, É D.},
    number = {1},
    volume = {33},
    doi = {10.1051/ro:1999101},
    issn = {03990559}
}

@article{Taillard1999AVRPb,
    title = {{A heuristic column generation method for the heterogeneous fleet VRP}},
    year = {1999},
    journal = {RAIRO - Operations Research},
    author = {Taillard, É D.},
    number = {1},
    volume = {33},
    doi = {10.1051/ro:1999101},
    issn = {03990559}
}

@article{Taillard1999AVRPc,
    title = {{A heuristic column generation method for the heterogeneous fleet VRP}},
    year = {1999},
    journal = {RAIRO - Operations Research},
    author = {Taillard, É D.},
    number = {1},
    volume = {33},
    doi = {10.1051/ro:1999101},
    issn = {03990559}
}

@incollection{Korcyl2016ASystem,
    title = {{A MILP Model for Route Optimization Problem in a Municipal Multi-Landfill Waste Collection System}},
    year = {2016},
    booktitle = {ICIL 2016: 13th International Conference on Industial Logistics. 28 September – 1 October, Zakopane, Poland. Conference Proceedings},
    author = {Korcyl, Antoni and Ksi{\c{a}}{\.{z}}ek, Roger and Gdowska, Katarzyna},
    editor = {Sawik, Tadeusz},
    pages = {109--118},
    publisher = {AGH University of Science and Technology, International Center for Innovation and Industrial Logistics},
    address = {Poland}
}

@inproceedings{Korcyl2016ASysteMb,
    title = {{A milp model for route optimization problem in a municipal multi-landfill waste collection systeM}},
    year = {2016},
    booktitle = {13th International Conference on Industrial Logistics, ICIL 2016 - Conference Proceedings},
    author = {Korcyl, A. and Ksiazek, R. and Gdowska, K.},
    isbn = {9788362079063},
    keywords = {CVRPTW, Linear programming, MDCVRPTW, MILP model, Time Windows, Transport Network, VRP}
}

@article{Korcyl2019AProblem,
    title = {{A MILP Model for the Municipal Solid Waste Selective Collection Routing Problem}},
    year = {2019},
    journal = {Decision Making in Manufacturing and Services},
    author = {Korcyl, Antoni and Ksi{\c{a}}{\.{z}}ek, Roger and Gdowska, Katarzyna},
    number = {1-2},
    pages = {13--36},
    volume = {13}
}

@article{Korcyl2020AProblem,
    title = {{A MILP model for the selective solid waste collection routing problem}},
    year = {2020},
    journal = {Decision Making in Manufacturing and Services},
    author = {Korcyl, Antoni and Gdowska, Katarzyna and Ksi{\c{a}}{\.{z}}ek, Roger},
    volume = {13},
    doi = {10.7494/dmms.2019.13.1-2.3470},
    issn = {1896-8325}
}

@article{Sousa2011AProgramming,
    title = {{A Multi Objective Approach to solve Capacitated Vehicle Routing Problems with Time Windows Using Mixed Integer Linear Programming}},
    year = {2011},
    journal = {International Journal of Advanced Science and Technology},
    author = {Sousa, José Carlos and Biswas, Haider Ali and Brito, Rui and Silveira, Alexandre},
    pages = {1--8},
    volume = {28},
    url = {http://www.sersc.org/journals/IJAST/vol28/1.pdf}
}

@article{ElSaid2018ASystems,
    title = {{A progress indicator-based assessment guide for integrated municipal solid-waste management systems}},
    year = {2018},
    journal = {Journal of Material Cycles and Waste Management},
    author = {ElSaid, Sarah and Aghezzaf, El Houssaine},
    number = {2},
    volume = {20},
    doi = {10.1007/s10163-017-0647-8},
    issn = {16118227}
}

@article{ElSaid2018ASystemsb,
    title = {{A progress indicator-based assessment guide for integrated municipal solid-waste management systems}},
    year = {2018},
    journal = {Journal of Material Cycles and Waste Management},
    author = {ElSaid, Sarah and Aghezzaf, El Houssaine},
    number = {2},
    volume = {20},
    doi = {10.1007/s10163-017-0647-8},
    issn = {16118227}
}

@misc{Zonooz2009AModeling,
    title = {{A review of MARKAL energy modeling}},
    year = {2009},
    booktitle = {European Journal of Scientific Research},
    author = {Zonooz, Mohammad Reza Faraji and Nopiah, Z. M. and Mohd.Yusof, Ahmad and Sopian, Kamaruzzaman},
    number = {3},
    volume = {26},
    issn = {1450202X}
}

@misc{Zonooz2009AModelingb,
    title = {{A review of MARKAL energy modeling}},
    year = {2009},
    booktitle = {European Journal of Scientific Research},
    author = {Zonooz, Mohammad Reza Faraji and Nopiah, Z. M. and Mohd.Yusof, Ahmad and Sopian, Kamaruzzaman},
    number = {3},
    volume = {26},
    issn = {1450202X}
}

@article{Kundaria2021AInnovations,
    title = {{A review on integrated approaches for municipal solid waste for environmental and economical relevance: Monitoring tools, technologies, and strategic innovations}},
    year = {2021},
    journal = {Bioresource Technology},
    author = {Kundaria, Nidhi and Sabyasachi Mohanty, Swayansu and Varjani, Sunita and Hao Ngo, Huu and W. C. Wong, Jonathan and Taherzadeh, Mohammad J. and Chang, Jo-Shu and Yong Ng, How and Kim, Sang-Hyoun and Bui, Xuan-Thanh},
    month = {9},
    pages = {125982},
    publisher = {Elsevier},
    url = {https://linkinghub.elsevier.com/retrieve/pii/S0960852421013249},
    doi = {10.1016/J.BIORTECH.2021.125982},
    issn = {0960-8524}
}

@article{Kundaria2021AInnovationsb,
    title = {{A review on integrated approaches for municipal solid waste for environmental and economical relevance: Monitoring tools, technologies, and strategic innovations}},
    year = {2021},
    journal = {Bioresource Technology},
    author = {Kundaria, Nidhi and Sabyasachi Mohanty, Swayansu and Varjani, Sunita and Hao Ngo, Huu and W. C. Wong, Jonathan and Taherzadeh, Mohammad J. and Chang, Jo-Shu and Yong Ng, How and Kim, Sang-Hyoun and Bui, Xuan-Thanh},
    month = {9},
    pages = {125982},
    publisher = {Elsevier},
    url = {https://linkinghub.elsevier.com/retrieve/pii/S0960852421013249},
    doi = {10.1016/J.BIORTECH.2021.125982},
    issn = {0960-8524}
}

@article{Vecchi2016ACollection,
    title = {{A sequential approach for the optimization of truck routes for solid waste collection}},
    year = {2016},
    journal = {Process Safety and Environmental Protection},
    author = {Vecchi, Thelma P B and Surco, Douglas F and Constantino, Ademir A and Steiner, Maria T A and Jorge, Luiz M M and Ravagnani, Mauro A S S and Para{\'{i}}so, Paulo R},
    pages = {238--250},
    volume = {102},
    doi = {10.1016/j.psep.2016.03.014},
    issn = {09575820}
}

@article{Gambella2019AProblem,
    title = {{A stochastic programming model for a tactical solid waste management problem}},
    year = {2019},
    journal = {European Journal of Operational Research},
    author = {Gambella, Claudio and Maggioni, Francesca and Vigo, Daniele},
    number = {2},
    pages = {684--694},
    volume = {273},
    doi = {10.1016/j.ejor.2018.08.005},
    issn = {03772217}
}

@misc{Fattahi2020AModels,
    title = {{A systemic approach to analyze integrated energy system modeling tools: A review of national models}},
    year = {2020},
    booktitle = {Renewable and Sustainable Energy Reviews},
    author = {Fattahi, A. and Sijm, J. and Faaij, A.},
    volume = {133},
    doi = {10.1016/j.rser.2020.110195},
    issn = {18790690}
}

@misc{Fattahi2020AModelsb,
    title = {{A systemic approach to analyze integrated energy system modeling tools: A review of national models}},
    year = {2020},
    booktitle = {Renewable and Sustainable Energy Reviews},
    author = {Fattahi, A. and Sijm, J. and Faaij, A.},
    volume = {133},
    doi = {10.1016/j.rser.2020.110195},
    issn = {18790690}
}

@article{Cordeau2001AWindows,
    title = {{A unified tabu search heuristic for vehicle routing problems with time windows}},
    year = {2001},
    journal = {Journal of the Operational Research Society},
    author = {Cordeau, J-F and Laporte, G and Mercier, A},
    number = {8},
    pages = {928--936},
    volume = {52},
    doi = {10.1057/palgrave.jors.2601163},
    issn = {0160-5682}
}

@misc{Asefi2020Advances20072018,
    title = {{Advances in sustainable integrated solid waste management systems: lessons learned over the decade 2007–2018}},
    year = {2020},
    booktitle = {Journal of Environmental Planning and Management},
    author = {Asefi, Hossein and Shahparvari, Shahrooz and Chhetri, Prem},
    number = {13},
    volume = {63},
    doi = {10.1080/09640568.2020.1714562},
    issn = {13600559}
}

@misc{Asefi2020Advances20072018b,
    title = {{Advances in sustainable integrated solid waste management systems: lessons learned over the decade 2007–2018}},
    year = {2020},
    booktitle = {Journal of Environmental Planning and Management},
    author = {Asefi, Hossein and Shahparvari, Shahrooz and Chhetri, Prem},
    number = {13},
    volume = {63},
    doi = {10.1080/09640568.2020.1714562},
    issn = {13600559}
}

@article{Aksen2014AnProblem,
    title = {{An adaptive large neighborhood search algorithm for a selective and periodic inventory routing problem}},
    year = {2014},
    journal = {European Journal of Operational Research},
    author = {Aksen, Deniz and Kaya, Onur and Sibel Salman, F. and T{\"{u}}ncel, Özge},
    number = {2},
    month = {12},
    volume = {239},
    doi = {10.1016/j.ejor.2014.05.043},
    issn = {03772217}
}

@article{Aksen2014AnProblemb,
    title = {{An adaptive large neighborhood search algorithm for a selective and periodic inventory routing problem}},
    year = {2014},
    journal = {European Journal of Operational Research},
    author = {Aksen, Deniz and Kaya, Onur and Sibel Salman, F. and T{\"{u}}ncel, Özge},
    number = {2},
    month = {12},
    volume = {239},
    doi = {10.1016/j.ejor.2014.05.043},
    issn = {03772217}
}

@article{Aksen2014AnProblemc,
    title = {{An adaptive large neighborhood search algorithm for a selective and periodic inventory routing problem}},
    year = {2014},
    journal = {European Journal of Operational Research},
    author = {Aksen, Deniz and Kaya, Onur and Sibel Salman, F. and T{\"{u}}ncel, Özge},
    number = {2},
    month = {12},
    volume = {239},
    doi = {10.1016/j.ejor.2014.05.043},
    issn = {03772217}
}

@article{Ma2015AnModel,
    title = {{An assessment on Shanghai's energy and environment impacts of using MARKAL model}},
    year = {2015},
    journal = {Journal of Renewable and Sustainable Energy},
    author = {Ma, Xingfa and Chai, Mei and Luo, Lan and Luo, Yonghao and He, Wenzhi and Li, Guangming},
    number = {1},
    volume = {7},
    doi = {10.1063/1.4905468},
    issn = {19417012}
}

@article{Ma2015AnModelb,
    title = {{An assessment on Shanghai's energy and environment impacts of using MARKAL model}},
    year = {2015},
    journal = {Journal of Renewable and Sustainable Energy},
    author = {Ma, Xingfa and Chai, Mei and Luo, Lan and Luo, Yonghao and He, Wenzhi and Li, Guangming},
    number = {1},
    volume = {7},
    doi = {10.1063/1.4905468},
    issn = {19417012}
}

@article{Qi2017AnAlgorithm,
    title = {{An effective and efficient hierarchical K -means clustering algorithm}},
    year = {2017},
    journal = {International Journal of Distributed Sensor Networks},
    author = {Qi, Jianpeng and Yu, Yanwei and Wang, Lihong and Liu, Jinglei and Wang, Yingjie},
    number = {8},
    pages = {155014771772862},
    volume = {13},
    doi = {10.1177/1550147717728627},
    issn = {1550-1477}
}

@article{Coelho2016AnConstraints,
    title = {{An ILS-based algorithm to solve a large-scale real heterogeneous fleet VRP with multi-trips and docking constraints}},
    year = {2016},
    journal = {European Journal of Operational Research},
    author = {Coelho, V. N. and Grasas, A. and Ramalhinho, H. and Coelho, I. M. and Souza, M. J.F. and Cruz, R. C.},
    number = {2},
    volume = {250},
    doi = {10.1016/j.ejor.2015.09.047},
    issn = {03772217}
}

@article{Coelho2016AnConstraintsb,
    title = {{An ILS-based algorithm to solve a large-scale real heterogeneous fleet VRP with multi-trips and docking constraints}},
    year = {2016},
    journal = {European Journal of Operational Research},
    author = {Coelho, V.N. and Grasas, A. and Ramalhinho, H. and Coelho, I.M. and Souza, M.J.F. and Cruz, R.C.},
    number = {2},
    month = {4},
    volume = {250},
    doi = {10.1016/j.ejor.2015.09.047},
    issn = {03772217}
}

@article{Coelho2016AnConstraintsc,
    title = {{An ILS-based algorithm to solve a large-scale real heterogeneous fleet VRP with multi-trips and docking constraints}},
    year = {2016},
    journal = {European Journal of Operational Research},
    author = {Coelho, V. N. and Grasas, A. and Ramalhinho, H. and Coelho, I. M. and Souza, M. J.F. and Cruz, R. C.},
    number = {2},
    volume = {250},
    doi = {10.1016/j.ejor.2015.09.047},
    issn = {03772217}
}

@article{Coelho2016AnConstraintsd,
    title = {{An ILS-based algorithm to solve a large-scale real heterogeneous fleet VRP with multi-trips and docking constraints}},
    year = {2016},
    journal = {European Journal of Operational Research},
    author = {Coelho, V.N. and Grasas, A. and Ramalhinho, H. and Coelho, I.M. and Souza, M.J.F. and Cruz, R.C.},
    number = {2},
    month = {4},
    volume = {250},
    doi = {10.1016/j.ejor.2015.09.047},
    issn = {03772217}
}

@article{Coelho2016AnConstraintse,
    title = {{An ILS-based algorithm to solve a large-scale real heterogeneous fleet VRP with multi-trips and docking constraints}},
    year = {2016},
    journal = {European Journal of Operational Research},
    author = {Coelho, V.N. and Grasas, A. and Ramalhinho, H. and Coelho, I.M. and Souza, M.J.F. and Cruz, R.C.},
    number = {2},
    month = {4},
    volume = {250},
    doi = {10.1016/j.ejor.2015.09.047},
    issn = {03772217}
}

@article{Erdogan2017AnProblems,
    title = {{An open source Spreadsheet Solver for Vehicle Routing Problems}},
    year = {2017},
    journal = {Computers {\&} Operations Research},
    author = {Erdo{\u{g}}an, Güneş},
    pages = {62--72},
    volume = {84},
    doi = {10.1016/j.cor.2017.02.022},
    issn = {03050548}
}

@article{Sarica2013AnalysisModel,
    title = {{Analysis of US renewable fuels policies using a modified MARKAL model}},
    year = {2013},
    journal = {Renewable Energy},
    author = {Sarica, Kemal and Tyner, Wallace E.},
    volume = {50},
    doi = {10.1016/j.renene.2012.08.034},
    issn = {09601481}
}

@article{Sarica2013AnalysisModelb,
    title = {{Analysis of US renewable fuels policies using a modified MARKAL model}},
    year = {2013},
    journal = {Renewable Energy},
    author = {Sarica, Kemal and Tyner, Wallace E.},
    volume = {50},
    doi = {10.1016/j.renene.2012.08.034},
    issn = {09601481}
}

@article{Krzemien2013ApplicationSystems,
    title = {{Application of Markal Model Generator in Optimizing Energy Systems}},
    year = {2013},
    journal = {Journal of Sustainable Mining},
    author = {Krzemie{\'{n}}, Joanna},
    number = {2},
    volume = {12},
    doi = {10.7424/jsm130205},
    issn = {23003960}
}

@article{Krzemien2013ApplicationSystemsb,
    title = {{Application of Markal Model Generator in Optimizing Energy Systems}},
    year = {2013},
    journal = {Journal of Sustainable Mining},
    author = {Krzemie{\'{n}}, Joanna},
    number = {2},
    volume = {12},
    doi = {10.7424/jsm130205},
    issn = {23003960}
}

@article{Rodrigues2021ApplicationManagement,
    title = {{Application of the absolute environmental sustainability assessment framework to multifunctional systems – The case of municipal solid waste management}},
    year = {2021},
    journal = {Journal of Cleaner Production},
    author = {Rodrigues, Jérémy and Gondran, Natacha and Beziat, Adrien and Laforest, Valérie},
    month = {11},
    pages = {129034},
    volume = {322},
    publisher = {Elsevier},
    url = {https://linkinghub.elsevier.com/retrieve/pii/S0959652621032248},
    doi = {10.1016/J.JCLEPRO.2021.129034},
    issn = {0959-6526}
}

@article{Rodrigues2021ApplicationManagementb,
    title = {{Application of the absolute environmental sustainability assessment framework to multifunctional systems – The case of municipal solid waste management}},
    year = {2021},
    journal = {Journal of Cleaner Production},
    author = {Rodrigues, Jérémy and Gondran, Natacha and Beziat, Adrien and Laforest, Valérie},
    month = {11},
    pages = {129034},
    volume = {322},
    publisher = {Elsevier},
    url = {https://linkinghub.elsevier.com/retrieve/pii/S0959652621032248},
    doi = {10.1016/J.JCLEPRO.2021.129034},
    issn = {0959-6526}
}

@article{Schulz2007AssessingModel,
    title = {{Assessing wood-based synthetic natural gas technologies using the SWISS-MARKAL model}},
    year = {2007},
    journal = {Energy},
    author = {Schulz, Thorsten F. and Barreto, Leonardo and Kypreos, Socrates and Stucki, Samuel},
    number = {10},
    volume = {32},
    doi = {10.1016/j.energy.2007.03.006},
    issn = {03605442}
}

@article{Schulz2007AssessingModelb,
    title = {{Assessing wood-based synthetic natural gas technologies using the SWISS-MARKAL model}},
    year = {2007},
    journal = {Energy},
    author = {Schulz, Thorsten F. and Barreto, Leonardo and Kypreos, Socrates and Stucki, Samuel},
    number = {10},
    volume = {32},
    doi = {10.1016/j.energy.2007.03.006},
    issn = {03605442}
}

@article{Ahsan2014AssessmentCountry,
    title = {{Assessment of Municipal Solid Waste Management System in a Developing Country}},
    year = {2014},
    journal = {Chinese Journal of Engineering},
    author = {Ahsan, A. and Alamgir, M. and El-Sergany, M. M. and Shams, S. and Rowshon, M. K. and Daud, N. N. Nik},
    volume = {2014},
    doi = {10.1155/2014/561935},
    issn = {2314-8063}
}

@article{Ahsan2014AssessmentCountryb,
    title = {{Assessment of Municipal Solid Waste Management System in a Developing Country}},
    year = {2014},
    journal = {Chinese Journal of Engineering},
    author = {Ahsan, A. and Alamgir, M. and El-Sergany, M. M. and Shams, S. and Rowshon, M. K. and Daud, N. N. Nik},
    volume = {2014},
    doi = {10.1155/2014/561935},
    issn = {2314-8063}
}

@article{Akhtar2017BacktrackingOptimization,
    title = {{Backtracking search algorithm in CVRP models for efficient solid waste collection and route optimization}},
    year = {2017},
    journal = {Waste management (New York, N.Y.)},
    author = {Akhtar, Mahmuda and Hannan, M A and Begum, R A and Basri, Hassan and Scavino, Edgar},
    pages = {117--128},
    volume = {61},
    doi = {10.1016/j.wasman.2017.01.022},
    issn = {0956-053X},
    language = {eng}
}

@unpublished{CaliforniaAirResourcesBoard2018BatteryVehicles,
    title = {{Battery Electric Truck and Bus Energy Efficiency Compared to Conventional Diesel Vehicles}},
    year = {2018},
    author = {{California Air Resources Board}},
    publisher = {California Air Resources Board},
    url = {https://ww2.arb.ca.gov/sites/default/files/2018-11/180124hdbevefficiency.pdf}
}

@unpublished{CaliforniaAirResourcesBoard2018BatteryVehiclesb,
    title = {{Battery Electric Truck and Bus Energy Efficiency Compared to Conventional Diesel Vehicles}},
    year = {2018},
    author = {{California Air Resources Board}},
    publisher = {California Air Resources Board},
    url = {https://ww2.arb.ca.gov/sites/default/files/2018-11/180124hdbevefficiency.pdf}
}

@article{Fragniere2010BehavioralStudy,
    title = {{Behavioral and Technological Changes Regarding Lighting Consumptions: A MARKAL Case Study}},
    year = {2010},
    journal = {Low Carbon Economy},
    author = {Fragni{\`{e}}re, Emmanuel and Kanala, Roman and Lavigne, Denis and Moresino, Francesco and Nguene, Gustave},
    number = {01},
    volume = {01},
    doi = {10.4236/lce.2010.11002},
    issn = {2158-7000}
}

@article{Fragniere2010BehavioralStudyb,
    title = {{Behavioral and Technological Changes Regarding Lighting Consumptions: A MARKAL Case Study}},
    year = {2010},
    journal = {Low Carbon Economy},
    author = {Fragni{\`{e}}re, Emmanuel and Kanala, Roman and Lavigne, Denis and Moresino, Francesco and Nguene, Gustave},
    number = {01},
    volume = {01},
    doi = {10.4236/lce.2010.11002},
    issn = {2158-7000}
}

@book{Romano2021BestManagement,
    title = {{Best Practices in Urban Solid Waste Management}},
    year = {2021},
    author = {Romano, Giulia and Marciano, Claudio and Fiorelli, Maria Silvia},
    month = {7},
    publisher = {Emerald Publishing Limited},
    isbn = {978-1-80043-889-7},
    doi = {10.1108/9781800438880}
}

@article{Ferrer2019BIN-CT:Level,
    title = {{BIN-CT: Urban waste collection based on predicting the container fill level}},
    year = {2019},
    journal = {Bio Systems},
    author = {Ferrer, Javier and Alba, Enrique},
    pages = {103962},
    volume = {186},
    doi = {10.1016/j.biosystems.2019.04.006},
    language = {eng}
}

@article{Berger1992CanadianModelling,
    title = {{Canadian Markal: An Advanced Linear Programming System For Energy And Environmental Modelling}},
    year = {1992},
    journal = {INFOR: Information Systems and Operational Research},
    author = {Berger, C. and Dubois, R. and Haurie, A. and Lessard, E. and Loulou, R. and Waaub, J.-P.},
    number = {3},
    month = {8},
    volume = {30},
    doi = {10.1080/03155986.1992.11732201},
    issn = {0315-5986}
}

@article{Berger1992CanadianModellingb,
    title = {{Canadian Markal: An Advanced Linear Programming System For Energy And Environmental Modelling}},
    year = {1992},
    journal = {INFOR: Information Systems and Operational Research},
    author = {Berger, C. and Dubois, R. and Haurie, A. and Lessard, E. and Loulou, R. and Waaub, J.-P.},
    number = {3},
    month = {8},
    volume = {30},
    doi = {10.1080/03155986.1992.11732201},
    issn = {0315-5986}
}

@article{Hannan2018CapacitatedAlgorithm,
    title = {{Capacitated vehicle-routing problem model for scheduled solid waste collection and route optimization using PSO algorithm}},
    year = {2018},
    journal = {Waste management (New York, N.Y.)},
    author = {Hannan, M A and Akhtar, Mahmuda and Begum, R A and Basri, H and Hussain, A and Scavino, Edgar},
    pages = {31--41},
    volume = {71},
    doi = {10.1016/j.wasman.2017.10.019},
    issn = {0956-053X},
    language = {eng}
}

@article{Chen2007CarbonModel,
    title = {{Carbon emission control strategies for China: A comparative study with partial and general equilibrium versions of the China MARKAL model}},
    year = {2007},
    journal = {Energy},
    author = {Chen, Wenying and Wu, Zongxin and He, Jiankun and Gao, Pengfei and Xu, Shaofeng},
    number = {1},
    volume = {32},
    doi = {10.1016/j.energy.2006.01.018},
    issn = {03605442}
}

@article{Chen2007CarbonModelb,
    title = {{Carbon emission control strategies for China: A comparative study with partial and general equilibrium versions of the China MARKAL model}},
    year = {2007},
    journal = {Energy},
    author = {Chen, Wenying and Wu, Zongxin and He, Jiankun and Gao, Pengfei and Xu, Shaofeng},
    number = {1},
    volume = {32},
    doi = {10.1016/j.energy.2006.01.018},
    issn = {03605442}
}

@article{Monjardino2021CarbonCase,
    title = {{Carbon neutrality pathways effects on air pollutant emissions: The Portuguese case}},
    year = {2021},
    journal = {Atmosphere},
    author = {Monjardino, Joana and Dias, Luís and Fortes, Patrícia and Tente, Hugo and Ferreira, Francisco and Seixas, Júlia},
    number = {3},
    volume = {12},
    doi = {10.3390/atmos12030324},
    issn = {20734433}
}

@article{Monjardino2021CarbonCaseb,
    title = {{Carbon neutrality pathways effects on air pollutant emissions: The Portuguese case}},
    year = {2021},
    journal = {Atmosphere},
    author = {Monjardino, Joana and Dias, Luís and Fortes, Patrícia and Tente, Hugo and Ferreira, Francisco and Seixas, Júlia},
    number = {3},
    volume = {12},
    doi = {10.3390/atmos12030324},
    issn = {20734433}
}

@inproceedings{2019ChallangesTransportation,
    title = {{Challanges and Modern Solution in Transportation}},
    year = {2019},
    editor = {Stajniak, Maciej and Szuster, Mariusz and Kope{\'{c}}, Magdalena and Tobo{\l}a, Adrianna},
    publisher = {Instytut Naukowo-Wydawniczy „Spatium”},
    url = {http://inw-spatium.pl/2020/04/13/1336/},
    isbn = {978-83-66017-85-6}
}

@book{2019ChallangesTransportationb,
    title = {{Challanges and modern solution in transportation}},
    year = {2019},
    editor = {Maciej Stajniak Magdalena Kope{\'{c}} Adrianna Tobo{\l}a, Mariusz Szuster},
    publisher = {Instytut Naukowo-Wydawniczy Spatium},
    address = {Radom}
}

@incollection{Cordeau2007ChapterRouting,
    title = {{Chapter 6 Vehicle Routing}},
    year = {2007},
    booktitle = {Transportation},
    author = {Cordeau, Jean-François and Laporte, Gilbert and Savelsbergh, Martin W P and Vigo, Daniele},
    pages = {367--428},
    series = {Handbooks in Operations Research and Management Science},
    volume = {14},
    publisher = {Elsevier},
    isbn = {9780444513465},
    doi = {10.1016/S0927-0507(06)14006-2}
}

@article{Elangovan2021ComparativeCity,
    title = {{Comparative Analysis of Energy Use and Greenhouse Gas Emission of Diesel and Electric Trucks for Food Distribution in Gowanus District of New York City}},
    year = {2021},
    journal = {Frontiers in Big Data},
    author = {Elangovan, Raghul and Kanwhen, Ondrea and Dong, Ziqian and Mohamed, Ahmed and Rojas-Cessa, Roberto},
    month = {7},
    volume = {4},
    doi = {10.3389/fdata.2021.693820},
    issn = {2624-909X}
}

@article{Elangovan2021ComparativeCityb,
    title = {{Comparative Analysis of Energy Use and Greenhouse Gas Emission of Diesel and Electric Trucks for Food Distribution in Gowanus District of New York City}},
    year = {2021},
    journal = {Frontiers in Big Data},
    author = {Elangovan, Raghul and Kanwhen, Ondrea and Dong, Ziqian and Mohamed, Ahmed and Rojas-Cessa, Roberto},
    month = {7},
    volume = {4},
    doi = {10.3389/fdata.2021.693820},
    issn = {2624-909X}
}

@article{Elangovan2021ComparativeCityc,
    title = {{Comparative Analysis of Energy Use and Greenhouse Gas Emission of Diesel and Electric Trucks for Food Distribution in Gowanus District of New York City}},
    year = {2021},
    journal = {Frontiers in Big Data},
    author = {Elangovan, Raghul and Kanwhen, Ondrea and Dong, Ziqian and Mohamed, Ahmed and Rojas-Cessa, Roberto},
    month = {7},
    volume = {4},
    doi = {10.3389/fdata.2021.693820},
    issn = {2624-909X}
}

@article{C.2018ConceptualManagement,
    title = {{Conceptual frameworks for the drivers and barriers of integrated sustainable solid waste management}},
    year = {2018},
    journal = {Management of Environmental Quality: An International Journal},
    author = {C., Gahana Gopal and Patil, Yogesh B. and K.T., Shibin and Prakash, Anand},
    number = {3},
    month = {4},
    volume = {29},
    doi = {10.1108/MEQ-10-2017-0117},
    issn = {1477-7835}
}

@misc{BernstadSaraiva2018ConsequentialConsequences,
    title = {{Consequential lifecycle modelling of solid waste management systems – Reviewing choices and exploring their consequences}},
    year = {2018},
    booktitle = {Journal of Cleaner Production},
    author = {Bernstad Saraiva, A. and Souza, R. G. and Mahler, C. F. and Valle, R. A.B.},
    volume = {202},
    doi = {10.1016/j.jclepro.2018.08.038},
    issn = {09596526}
}

@misc{BernstadSaraiva2018ConsequentialConsequencesb,
    title = {{Consequential lifecycle modelling of solid waste management systems – Reviewing choices and exploring their consequences}},
    year = {2018},
    booktitle = {Journal of Cleaner Production},
    author = {Bernstad Saraiva, A. and Souza, R. G. and Mahler, C. F. and Valle, R. A.B.},
    volume = {202},
    doi = {10.1016/j.jclepro.2018.08.038},
    issn = {09596526}
}

@article{Dodds2013ConversionHydrogen,
    title = {{Conversion of the UK gas system to transport hydrogen}},
    year = {2013},
    journal = {International Journal of Hydrogen Energy},
    author = {Dodds, Paul E. and Demoullin, Stéphanie},
    number = {18},
    volume = {38},
    doi = {10.1016/j.ijhydene.2013.03.070},
    issn = {03603199}
}

@article{Dodds2013ConversionHydrogenb,
    title = {{Conversion of the UK gas system to transport hydrogen}},
    year = {2013},
    journal = {International Journal of Hydrogen Energy},
    author = {Dodds, Paul E. and Demoullin, Stéphanie},
    number = {18},
    volume = {38},
    doi = {10.1016/j.ijhydene.2013.03.070},
    issn = {03603199}
}

@article{Perissi2021Cross-validationLEAP,
    title = {{Cross-validation of the MEDEAS energy-economy- environment model with the integrated MARKAL-EFOM system (TIMES) and the long-range energy alternatives planning system (LEAP)}},
    year = {2021},
    journal = {Sustainability (Switzerland)},
    author = {Perissi, Ilaria and Martelloni, Gianluca and Bardi, Ugo and Natalini, Davide and Jones, Aled and Nikolaev, Angel and Eggler, Lukas and Baumann, Martin and Sams{\'{o}}, Roger and Sol{\'{e}}, Jordi},
    number = {4},
    volume = {13},
    doi = {10.3390/su13041967},
    issn = {20711050}
}

@article{Perissi2021Cross-validationLEAPb,
    title = {{Cross-validation of the MEDEAS energy-economy- environment model with the integrated MARKAL-EFOM system (TIMES) and the long-range energy alternatives planning system (LEAP)}},
    year = {2021},
    journal = {Sustainability (Switzerland)},
    author = {Perissi, Ilaria and Martelloni, Gianluca and Bardi, Ugo and Natalini, Davide and Jones, Aled and Nikolaev, Angel and Eggler, Lukas and Baumann, Martin and Sams{\'{o}}, Roger and Sol{\'{e}}, Jordi},
    number = {4},
    volume = {13},
    doi = {10.3390/su13041967},
    issn = {20711050}
}

@article{Chen2019Cruisers:Trucks,
    title = {{Cruisers: An automotive sensing platform for smart cities using door-to-door garbage collecting trucks}},
    year = {2019},
    journal = {Ad Hoc Networks},
    author = {Chen, Yin and Nakazawa, Jin and Yonezawa, Takuro and Tokuda, Hideyuki},
    pages = {32--45},
    volume = {85},
    doi = {10.1016/j.adhoc.2018.10.018},
    issn = {15708705}
}

@article{Obrist2021DecarbonizationEmissions,
    title = {{Decarbonization pathways of the Swiss cement industry towards net zero emissions}},
    year = {2021},
    journal = {Journal of Cleaner Production},
    author = {Obrist, Michel D. and Kannan, Ramachandran and Schmidt, Thomas J. and Kober, Tom},
    volume = {288},
    doi = {10.1016/j.jclepro.2020.125413},
    issn = {09596526}
}

@article{Obrist2021DecarbonizationEmissionsb,
    title = {{Decarbonization pathways of the Swiss cement industry towards net zero emissions}},
    year = {2021},
    journal = {Journal of Cleaner Production},
    author = {Obrist, Michel D. and Kannan, Ramachandran and Schmidt, Thomas J. and Kober, Tom},
    volume = {288},
    doi = {10.1016/j.jclepro.2020.125413},
    issn = {09596526}
}

@article{Yousefloo2020DesigningStudy,
    title = {{Designing an integrated municipal solid waste management network: A case study}},
    year = {2020},
    journal = {Journal of Cleaner Production},
    author = {Yousefloo, Arsalan and Babazadeh, Reza},
    pages = {118824},
    volume = {244},
    doi = {10.1016/j.jclepro.2019.118824},
    issn = {09596526}
}

@article{2010DeterminingModel,
    title = {{Determining Optimum Energy Strategies for Turkey by MARKAL Model}},
    year = {2010},
    journal = {Deniz Bilimleri ve M{\"{u}}hendisli{\u{g}}i Dergisi},
    number = {1},
    volume = {6},
    issn = {1304-2025}
}

@article{2010DeterminingModelb,
    title = {{Determining Optimum Energy Strategies for Turkey by MARKAL Model}},
    year = {2010},
    journal = {Deniz Bilimleri ve M{\"{u}}hendisli{\u{g}}i Dergisi},
    number = {1},
    volume = {6},
    issn = {1304-2025}
}

@inproceedings{Dolinina2019DevelopmentSettlements,
    title = {{Development of semi-adaptive Waste Collection Vehicle Routing Algorithm for agglomeration and urban settlements}},
    year = {2019},
    booktitle = {2019 IEEE 7th IEEE Workshop on Advances in Information, Electronic and Electrical Engineering (AIEEE)},
    author = {Dolinina, Olga and Pechenkin, Vitaly and Gubin, Nikolay and Aizups, Janis and Kuzmin, Alexey},
    month = {11},
    publisher = {IEEE},
    isbn = {978-1-7281-6730-5},
    doi = {10.1109/AIEEE48629.2019.8976918}
}

@inproceedings{Dolinina2019DevelopmentSettlementsb,
    title = {{Development of semi-adaptive Waste Collection Vehicle Routing Algorithm for agglomeration and urban settlements}},
    year = {2019},
    booktitle = {2019 IEEE 7th IEEE Workshop on Advances in Information, Electronic and Electrical Engineering (AIEEE)},
    author = {Dolinina, Olga and Pechenkin, Vitaly and Gubin, Nikolay and Aizups, Janis and Kuzmin, Alexey},
    month = {11},
    publisher = {IEEE},
    isbn = {978-1-7281-6730-5},
    doi = {10.1109/AIEEE48629.2019.8976918}
}

@misc{DirectiveEnvironment,
    title = {{Directive (EU) 2019/904 of the European Parliament and of the Council of 5 June 2019 on the reduction of the impact of certain plastic products on the environment}},
    institution = {European Parliament}
}

@article{Loulou2004DocumentationModels,
    title = {{Documentation for the MARKAL Family of Models}},
    year = {2004},
    journal = {International Energy Agency},
    author = {Loulou, Richard and Goldstein, Gary and Noble, Ken},
    number = {October}
}

@article{Loulou2004DocumentationModelsb,
    title = {{Documentation for the MARKAL Family of Models}},
    year = {2004},
    journal = {International Energy Agency},
    author = {Loulou, Richard and Goldstein, Gary and Noble, Ken},
    number = {October}
}

@article{Amorim2014ElectricityModelling,
    title = {{Electricity decarbonisation pathways for 2050 in Portugal: A TIMES (The Integrated MARKAL-EFOM System) based approach in closed versus open systems modelling}},
    year = {2014},
    journal = {Energy},
    author = {Amorim, Filipa and Pina, André and Gerbelov{\'{a}}, Hana and Pereira da Silva, Patrícia and Vasconcelos, Jorge and Martins, Victor},
    volume = {69},
    doi = {10.1016/j.energy.2014.01.052},
    issn = {03605442}
}

@article{Amorim2014ElectricityModellingb,
    title = {{Electricity decarbonisation pathways for 2050 in Portugal: A TIMES (The Integrated MARKAL-EFOM System) based approach in closed versus open systems modelling}},
    year = {2014},
    journal = {Energy},
    author = {Amorim, Filipa and Pina, André and Gerbelov{\'{a}}, Hana and Pereira da Silva, Patrícia and Vasconcelos, Jorge and Martins, Victor},
    volume = {69},
    doi = {10.1016/j.energy.2014.01.052},
    issn = {03605442}
}

@article{Schmid2021ElectrificationData,
    title = {{Electrification of Waste Collection Vehicles: Technoeconomic Analysis Based on an Energy Demand Simulation Using Real-Life Operational Data}},
    year = {2021},
    journal = {IEEE Transactions on Transportation Electrification},
    author = {Schmid, Fabian and Taube, Lina and Rieck, Jenny and Behrendt, Frank},
    number = {2},
    month = {6},
    pages = {604--615},
    volume = {7},
    publisher = {Institute of Electrical and Electronics Engineers Inc.},
    doi = {10.1109/TTE.2020.3031072},
    issn = {23327782},
    keywords = {Electrification of waste collection vehicles (WCVs), energy demand simulation, route synthetization, total cost of ownership (TCO), well-to-wheel emission costs}
}

@article{Schmid2021ElectrificationDatab,
    title = {{Electrification of Waste Collection Vehicles: Technoeconomic Analysis Based on an Energy Demand Simulation Using Real-Life Operational Data}},
    year = {2021},
    journal = {IEEE Transactions on Transportation Electrification},
    author = {Schmid, Fabian and Taube, Lina and Rieck, Jenny and Behrendt, Frank},
    number = {2},
    month = {6},
    pages = {604--615},
    volume = {7},
    publisher = {Institute of Electrical and Electronics Engineers Inc.},
    doi = {10.1109/TTE.2020.3031072},
    issn = {23327782},
    keywords = {Electrification of waste collection vehicles (WCVs), energy demand simulation, route synthetization, total cost of ownership (TCO), well-to-wheel emission costs}
}

@article{Kang2020ElectronicMalaysia,
    title = {{Electronic waste collection systems using Internet of Things (IoT): Household electronic waste management in Malaysia}},
    year = {2020},
    journal = {Journal of Cleaner Production},
    author = {Kang, Kai Dean and Kang, Harnyi and Ilankoon, I.M.S.K. and Chong, Chun Yong},
    pages = {119801},
    volume = {252},
    doi = {10.1016/j.jclepro.2019.119801},
    issn = {09596526}
}

@article{Taylor2014EnergyUK,
    title = {{Energy model, boundary object and societal lens: 35 years of the MARKAL model in the UK}},
    year = {2014},
    journal = {Energy Research and Social Science},
    author = {Taylor, Peter G. and Upham, Paul and McDowall, Will and Christopherson, David},
    number = {C},
    volume = {4},
    doi = {10.1016/j.erss.2014.08.007},
    issn = {22146296}
}

@article{Taylor2014EnergyUKb,
    title = {{Energy model, boundary object and societal lens: 35 years of the MARKAL model in the UK}},
    year = {2014},
    journal = {Energy Research and Social Science},
    author = {Taylor, Peter G. and Upham, Paul and McDowall, Will and Christopherson, David},
    number = {C},
    volume = {4},
    doi = {10.1016/j.erss.2014.08.007},
    issn = {22146296}
}

@article{Balachandran1977EngineeringEnvironment,
    title = {{Engineering Our Environment}},
    year = {1977},
    journal = {Reference Services Review},
    author = {Balachandran, Sarojini},
    number = {3},
    month = {3},
    volume = {5},
    doi = {10.1108/eb048615},
    issn = {0090-7324}
}

@misc{Poland2019Environment2018,
    title = {{Environment 2018}},
    year = {2019},
    author = {Poland, Statistics},
    series = {Statistical analyses},
    url = {https://stat.gov.pl/download/gfx/portalinformacyjny/pl/defaultaktualnosci/5484/1/19/1/ochrona_srodowiska_2018.pdf},
    institution = {Statistics Poland},
    address = {Warsaw}
}

@article{Contaldi2007EvaluationModel,
    title = {{Evaluation of green-certificates policies using the MARKAL-MACRO-Italy model}},
    year = {2007},
    journal = {Energy Policy},
    author = {Contaldi, Mario and Gracceva, Francesco and Tosato, Giancarlo},
    number = {2},
    volume = {35},
    doi = {10.1016/j.enpol.2006.03.011},
    issn = {03014215}
}

@article{Contaldi2007EvaluationModelb,
    title = {{Evaluation of green-certificates policies using the MARKAL-MACRO-Italy model}},
    year = {2007},
    journal = {Energy Policy},
    author = {Contaldi, Mario and Gracceva, Francesco and Tosato, Giancarlo},
    number = {2},
    volume = {35},
    doi = {10.1016/j.enpol.2006.03.011},
    issn = {03014215}
}

@book{Crainic1998FleetLogistics,
    title = {{Fleet Management and Logistics}},
    year = {1998},
    author = {Crainic, Teodor Gabriel and Laporte, Gilbert},
    publisher = {Springer US},
    address = {Boston, MA},
    isbn = {978-1-4613-7637-8},
    doi = {10.1007/978-1-4615-5755-5}
}

@incollection{Gdowska2019FleetSystem,
    title = {{Fleet Optimization for a  Selective Solid Waste Collection System}},
    year = {2019},
    booktitle = {Challanges and modern solution in transportation},
    author = {Gdowska, Katarzyna and Ksi{\c{a}}{\.{z}}ek, Roger and Korcyl, Antoni},
    editor = {Maciej Stajniak Magdalena Kope{\'{c}} Adrianna Tobo{\l}a, Mariusz Szuster},
    pages = {121--134},
    publisher = {Instytut Naukowo-Wydawniczy Spatium},
    address = {Radom}
}

@article{Shankar2014GISAlgorithm,
    title = {{GIS Based Solution of Multi-Depot Capacitated Vehicle Routing Problem with Time Window Using Tabu Search Algorithm}},
    year = {2014},
    journal = {International Journal of Traffic and Transportation Engineering},
    author = {Shankar, Hari and Mani, Gangesh and Pandey, Kamal},
    number = {2},
    pages = {83--100},
    volume = {3},
    publisher = {Scientific {\&} Academic Publishing},
    url = {http://www.sapub.org/global/showpaperpdf.aspx?doi=10.5923/j.ijtte.20140302.05},
    issn = {2325-0070}
}

@article{Exposito-Marquez2019GreedyPalma,
    title = {{Greedy randomized adaptive search procedure to design waste collection routes in La Palma}},
    year = {2019},
    journal = {Computers {\&} Industrial Engineering},
    author = {Exp{\'{o}}sito-M{\'{a}}rquez, Airam and Exp{\'{o}}sito-Izquierdo, Christopher and Brito-Santana, Julio and Moreno-P{\'{e}}rez, J Andrés},
    pages = {106047},
    volume = {137},
    doi = {10.1016/j.cie.2019.106047},
    issn = {03608352}
}

@article{Koiwanit2020GreenhouseThailand,
    title = {{Greenhouse gas emissions comparison of solid waste transportation system: a case study in Thailand}},
    year = {2020},
    journal = {IOP Conference Series: Earth and Environmental Science},
    author = {Koiwanit, J and Hamontree, C},
    month = {1},
    volume = {424},
    doi = {10.1088/1755-1315/424/1/012011},
    issn = {1755-1315}
}

@article{Koiwanit2020GreenhouseThailandb,
    title = {{Greenhouse gas emissions comparison of solid waste transportation system: a case study in Thailand}},
    year = {2020},
    journal = {IOP Conference Series: Earth and Environmental Science},
    author = {Koiwanit, J and Hamontree, C},
    month = {1},
    volume = {424},
    doi = {10.1088/1755-1315/424/1/012011},
    issn = {1755-1315}
}

@article{Koiwanit2020GreenhouseThailandc,
    title = {{Greenhouse gas emissions comparison of solid waste transportation system: a case study in Thailand}},
    year = {2020},
    journal = {IOP Conference Series: Earth and Environmental Science},
    author = {Koiwanit, J and Hamontree, C},
    month = {1},
    volume = {424},
    doi = {10.1088/1755-1315/424/1/012011},
    issn = {1755-1315}
}

@article{Kaewman2018HeuristicsThailand,
    title = {{Heuristics Algorithms for a Heterogeneous Fleets VRP with Excessive Demand for the Vehicle at the Pickup Points, and the Longest Traveling Time Constraint: A Case Study in Prasitsuksa Songkloe, Ubonratchathani Thailand}},
    year = {2018},
    journal = {Logistics},
    author = {Kaewman, Sasitorn and Akararungruangkul, Raknoi},
    number = {3},
    volume = {2},
    doi = {10.3390/logistics2030015},
    issn = {2305-6290}
}

@article{Kaewman2018HeuristicsThailandb,
    title = {{Heuristics Algorithms for a Heterogeneous Fleets VRP with Excessive Demand for the Vehicle at the Pickup Points, and the Longest Traveling Time Constraint: A Case Study in Prasitsuksa Songkloe, Ubonratchathani Thailand}},
    year = {2018},
    journal = {Logistics},
    author = {Kaewman, Sasitorn and Akararungruangkul, Raknoi},
    number = {3},
    volume = {2},
    doi = {10.3390/logistics2030015},
    issn = {2305-6290}
}

@article{Kaewman2018HeuristicsThailandc,
    title = {{Heuristics Algorithms for a Heterogeneous Fleets VRP with Excessive Demand for the Vehicle at the Pickup Points, and the Longest Traveling Time Constraint: A Case Study in Prasitsuksa Songkloe, Ubonratchathani Thailand}},
    year = {2018},
    journal = {Logistics},
    author = {Kaewman, Sasitorn and Akararungruangkul, Raknoi},
    number = {3},
    volume = {2},
    doi = {10.3390/logistics2030015},
    issn = {2305-6290}
}

@book{2016ICILProceedings,
    title = {{ICIL 2016: 13th International Conference on Industial Logistics. 28 September – 1 October, Zakopane, Poland. Conference Proceedings}},
    year = {2016},
    editor = {Sawik, Tadeusz},
    publisher = {AGH University of Science and Technology, International Center for Innovation and Industrial Logistics},
    institution = {AGH University of Science and Technology, International Center for Innovation and Industrial Logistics},
    address = {Poland}
}

@article{Nagatomo2021ImpactsModel,
    title = {{Impacts of employment in power generation on renewable-based energy systems in Japan— Analysis using an energy system model}},
    year = {2021},
    journal = {Energy},
    author = {Nagatomo, Yu and Ozawa, Akito and Kudoh, Yuki and Hondo, Hiroki},
    volume = {226},
    doi = {10.1016/j.energy.2021.120350},
    issn = {03605442}
}

@article{Nagatomo2021ImpactsModelb,
    title = {{Impacts of employment in power generation on renewable-based energy systems in Japan— Analysis using an energy system model}},
    year = {2021},
    journal = {Energy},
    author = {Nagatomo, Yu and Ozawa, Akito and Kudoh, Yuki and Hondo, Hiroki},
    volume = {226},
    doi = {10.1016/j.energy.2021.120350},
    issn = {03605442}
}

@article{McDowall2012ImplicationsMARKAL,
    title = {{Implications of sustainability constraints on UK bioenergy development: Assessing optimistic and precautionary approaches with UK MARKAL}},
    year = {2012},
    journal = {Energy Policy},
    author = {McDowall, Will and Anandarajah, Gabrial and Dodds, Paul E. and Tomei, Julia},
    volume = {47},
    doi = {10.1016/j.enpol.2012.05.015},
    issn = {03014215}
}

@article{McDowall2012ImplicationsMARKALb,
    title = {{Implications of sustainability constraints on UK bioenergy development: Assessing optimistic and precautionary approaches with UK MARKAL}},
    year = {2012},
    journal = {Energy Policy},
    author = {McDowall, Will and Anandarajah, Gabrial and Dodds, Paul E. and Tomei, Julia},
    volume = {47},
    doi = {10.1016/j.enpol.2012.05.015},
    issn = {03014215}
}

@article{Lobov2019ImprovingTransport,
    title = {{Improving the process of transport of solid municipal waste by automobile transport}},
    year = {2019},
    journal = {IOP Conference Series: Materials Science and Engineering},
    author = {Lobov, N. V. and Maltsev, D. V. and Genson, E. M.},
    number = {1},
    month = {11},
    volume = {632},
    publisher = {Institute of Physics Publishing},
    doi = {10.1088/1757-899X/632/1/012033}
}

@article{Lobov2019ImprovingTransportb,
    title = {{Improving the process of transport of solid municipal waste by automobile transport}},
    year = {2019},
    journal = {IOP Conference Series: Materials Science and Engineering},
    author = {Lobov, N. V. and Maltsev, D. V. and Genson, E. M.},
    number = {1},
    month = {11},
    volume = {632},
    publisher = {Institute of Physics Publishing},
    doi = {10.1088/1757-899X/632/1/012033}
}

@article{Lobov2019ImprovingTransportc,
    title = {{Improving the process of transport of solid municipal waste by automobile transport}},
    year = {2019},
    journal = {IOP Conference Series: Materials Science and Engineering},
    author = {Lobov, N. V. and Maltsev, D. V. and Genson, E. M.},
    number = {1},
    month = {11},
    volume = {632},
    publisher = {Institute of Physics Publishing},
    doi = {10.1088/1757-899X/632/1/012033}
}

@article{Hoff2010IndustrialSurvey,
    title = {{Industrial aspects and literature survey}},
    year = {2010},
    journal = {Computers {\&} Operations Research},
    author = {Hoff, Arild and Andersson, Henrik and Christiansen, Marielle and Hasle, Geir and L{\o}kketangen, Arne},
    number = {12},
    pages = {2041--2061},
    volume = {37},
    doi = {10.1016/j.cor.2010.03.015},
    issn = {03050548}
}

@article{Asefi2019IntegratedContext,
    title = {{Integrated Municipal Solid Waste Management under uncertainty: A tri-echelon city logistics and transportation context}},
    year = {2019},
    journal = {Sustainable Cities and Society},
    author = {Asefi, Hossein and Shahparvari, Shahrooz and Chhetri, Prem},
    pages = {101606},
    volume = {50},
    doi = {10.1016/j.scs.2019.101606},
    issn = {22106707}
}

@article{Arebey2011IntegratedSystem,
    title = {{Integrated technologies for solid waste bin monitoring system}},
    year = {2011},
    journal = {Environmental monitoring and assessment},
    author = {Arebey, Maher and Hannan, M A and Basri, Hassan and Begum, R A and Abdullah, Huda},
    number = {1-4},
    pages = {399--408},
    volume = {177},
    doi = {10.1007/s10661-010-1642-x},
    language = {eng}
}

@article{Markov2016IntegratingFacilities,
    title = {{Integrating a heterogeneous fixed fleet and a flexible assignment of destination depots in the waste collection VRP with intermediate facilities}},
    year = {2016},
    journal = {Transportation Research Part B: Methodological},
    author = {Markov, Iliya and Varone, Sacha and Bierlaire, Michel},
    pages = {256--273},
    volume = {84},
    doi = {10.1016/j.trb.2015.12.004},
    issn = {01912615}
}

@article{Markov2016IntegratingFacilitiesb,
    title = {{Integrating a heterogeneous fixed fleet and a flexible assignment of destination depots in the waste collection VRP with intermediate facilities}},
    year = {2016},
    journal = {Transportation Research Part B: Methodological},
    author = {Markov, Iliya and Varone, Sacha and Bierlaire, Michel},
    month = {2},
    volume = {84},
    doi = {10.1016/j.trb.2015.12.004},
    issn = {01912615}
}

@article{Dodds2014IntegratingAssessments,
    title = {{Integrating housing stock and energy system models as a strategy to improve heat decarbonisation assessments}},
    year = {2014},
    journal = {Applied Energy},
    author = {Dodds, Paul E.},
    volume = {132},
    doi = {10.1016/j.apenergy.2014.06.079},
    issn = {03062619}
}

@article{Dodds2014IntegratingAssessmentsb,
    title = {{Integrating housing stock and energy system models as a strategy to improve heat decarbonisation assessments}},
    year = {2014},
    journal = {Applied Energy},
    author = {Dodds, Paul E.},
    volume = {132},
    doi = {10.1016/j.apenergy.2014.06.079},
    issn = {03062619}
}

@article{Vu2019InteractionsOptimization,
    title = {{Interactions of residential waste composition and collection truck compartment design on GIS route optimization}},
    year = {2019},
    journal = {Waste management (New York, N.Y.)},
    author = {Vu, Hoang Lan and Ng, Kelvin Tsun Wai and Fallah, Bahareh and Richter, Amy and Kabir, Golam},
    pages = {613--623},
    volume = {102},
    doi = {10.1016/j.wasman.2019.11.028},
    issn = {0956-053X},
    language = {eng}
}

@article{Mes2014InventoryCollection,
    title = {{Inventory routing for dynamic waste collection}},
    year = {2014},
    journal = {Waste management (New York, N.Y.)},
    author = {Mes, Martijn and Schutten, Marco and Rivera, Arturo Perez},
    number = {9},
    pages = {1564--1576},
    volume = {34},
    doi = {10.1016/j.wasman.2014.05.011},
    issn = {1879-2456},
    language = {eng}
}

@incollection{Nowakowski2022InvestigationUse,
    title = {{Investigation of the sustainable waste transportation in urban and rural municipalities—Key environmental parameters of the collection vehicles use}},
    year = {2022},
    booktitle = {Circular Economy and Sustainability},
    author = {Nowakowski, Piotr and Szwarc, Krzysztof and Wala, Mariusz},
    publisher = {Elsevier},
    doi = {10.1016/B978-0-12-819817-9.00026-0}
}

@incollection{Nowakowski2022InvestigationUseb,
    title = {{Investigation of the sustainable waste transportation in urban and rural municipalities—Key environmental parameters of the collection vehicles use}},
    year = {2022},
    booktitle = {Circular Economy and Sustainability},
    author = {Nowakowski, Piotr and Szwarc, Krzysztof and Wala, Mariusz},
    publisher = {Elsevier},
    doi = {10.1016/B978-0-12-819817-9.00026-0}
}

@article{Edalatpour2018InvestigationMunicipality,
    title = {{Investigation on a novel sustainable model for waste management in megacities: A case study in tehran municipality}},
    year = {2018},
    journal = {Sustainable Cities and Society},
    author = {Edalatpour, M A and Al-e-hashem, S M J Mirzapour and Karimi, B and Bahli, B},
    pages = {286--301},
    volume = {36},
    doi = {10.1016/j.scs.2017.09.019},
    issn = {22106707}
}

@article{Delgado-Antequera2020IteratedProblem,
    title = {{Iterated greedy with variable neighborhood search for a multiobjective waste collection problem}},
    year = {2020},
    journal = {Expert Systems with Applications},
    author = {Delgado-Antequera, Laura and Caballero, Rafael and S{\'{a}}nchez-Oro, Jesús and Colmenar, J Manuel and Mart{\'{i}}, Rafael},
    pages = {113101},
    volume = {145},
    doi = {10.1016/j.eswa.2019.113101},
    issn = {09574174}
}

@article{Skowronska-Szmer2021KeyPoland,
    title = {{Key Factors of Development of Electromobility AMONG Microentrepreneurs: A Case Study from Poland}},
    year = {2021},
    journal = {Energies},
    author = {Skowro{\'{n}}ska-Szmer, Anna and Kowalska-Pyzalska, Anna},
    number = {3},
    month = {2},
    volume = {14},
    doi = {10.3390/en14030764},
    issn = {1996-1073}
}

@article{Skowronska-Szmer2021KeyPolandb,
    title = {{Key Factors of Development of Electromobility AMONG Microentrepreneurs: A Case Study from Poland}},
    year = {2021},
    journal = {Energies},
    author = {Skowro{\'{n}}ska-Szmer, Anna and Kowalska-Pyzalska, Anna},
    number = {3},
    month = {2},
    volume = {14},
    doi = {10.3390/en14030764},
    issn = {1996-1073}
}

@misc{Statystyczny2018Ludnosc.VI,
    title = {{Ludno{\'{s}}{\'{c}}. Stan i struktura oraz ruch naturalny w przekroju terytorialnym w 2018 r. Stan w dniu 30 VI}},
    year = {2018},
    author = {Statystyczny, Główny Urząd},
    url = {https://stat.gov.pl/obszary-tematyczne/ludnosc/ludnosc/ludnosc-stan-i-struktura-oraz-ruch-naturalny-w-przekroju-terytorialnym-w-2018-r-stan-w-dniu-30-vi,6,24.html},
    institution = {G{\l}{\'{o}}wny Urz{\c{a}}d Statystyczny},
    address = {Warszawa}
}

@article{Fishbone1981MarkalVersion,
    title = {{Markal, a linear‐programming model for energy systems analysis: Technical description of the bnl version}},
    year = {1981},
    journal = {International Journal of Energy Research},
    author = {Fishbone, Leslie G. and Abilock, Harold},
    number = {4},
    volume = {5},
    doi = {10.1002/er.4440050406},
    issn = {1099114X}
}

@article{Fishbone1981MarkalVersionb,
    title = {{Markal, a linear‐programming model for energy systems analysis: Technical description of the bnl version}},
    year = {1981},
    journal = {International Journal of Energy Research},
    author = {Fishbone, Leslie G. and Abilock, Harold},
    number = {4},
    volume = {5},
    doi = {10.1002/er.4440050406},
    issn = {1099114X}
}

@incollection{Fragniere1996MARKAL-Geneva:Canton,
    title = {{MARKAL-Geneva: A model to assess energy-environment choices for a Swiss canton}},
    year = {1996},
    booktitle = {Operations Research and Environmental Management},
    author = {Fragniere, E. and Haurie, A.},
    publisher = {Springer Netherlands},
    address = {Dordrecht},
    doi = {10.1007/978-94-009-0129-2{\_}3}
}

@incollection{Fragniere1996MARKAL-Geneva:Cantonb,
    title = {{MARKAL-Geneva: A model to assess energy-environment choices for a Swiss canton}},
    year = {1996},
    booktitle = {Operations Research and Environmental Management},
    author = {Fragniere, E. and Haurie, A.},
    publisher = {Springer Netherlands},
    address = {Dordrecht},
    doi = {10.1007/978-94-009-0129-2{\_}3}
}

@article{Rosenberg2010Market2050,
    title = {{Market penetration analysis of hydrogen vehicles in Norwegian passenger transport towards 2050}},
    year = {2010},
    journal = {International Journal of Hydrogen Energy},
    author = {Rosenberg, Eva and Fidje, Audun and Espegren, Kari Aamodt and Stiller, Christoph and Svensson, Ann Mari and M{\o}ller-Holst, Steffen},
    number = {14},
    volume = {35},
    doi = {10.1016/j.ijhydene.2010.04.153},
    issn = {03603199}
}

@article{Rosenberg2010Market2050b,
    title = {{Market penetration analysis of hydrogen vehicles in Norwegian passenger transport towards 2050}},
    year = {2010},
    journal = {International Journal of Hydrogen Energy},
    author = {Rosenberg, Eva and Fidje, Audun and Espegren, Kari Aamodt and Stiller, Christoph and Svensson, Ann Mari and M{\o}ller-Holst, Steffen},
    number = {14},
    volume = {35},
    doi = {10.1016/j.ijhydene.2010.04.153},
    issn = {03603199}
}

@article{Vidovic2014MixedDelivery,
    title = {{Mixed integer and heuristics model for the inventory routing problem in fuel delivery}},
    year = {2014},
    journal = {International Journal of Production Economics},
    author = {Vidovi{\'{c}}, Milorad and Popovi{\'{c}}, Dražen and Ratkovi{\'{c}}, Branislava},
    pages = {593--604},
    volume = {147},
    doi = {10.1016/j.ijpe.2013.04.034},
    issn = {09255273}
}

@incollection{Korcyl2020ModeleOdpadow,
    title = {{Modele optymalizacyjne dla problemu planowania tras odbioru odpad{\'{o}}w}},
    year = {2020},
    booktitle = {Selected Big Data-Based Tools for Supporting Decision Making and Risk Management},
    author = {Korcyl, Antoni and Ksi{\c{a}}{\.{z}}ek, Roger and Gdowska, Katarzyna},
    editor = {Iwaszczuk, Natalia},
    edition = {1},
    pages = {215--230},
    publisher = {Wydawnictwa AGH},
    address = {Krak{\'{o}}w},
    isbn = {978-83-66364-59-2}
}

@article{LeSon2016ModelingWindows,
    title = {{Modeling municipal solid waste collection: A generalized vehicle routing model with multiple transfer stations, gather sites and inhomogeneous vehicles in time windows}},
    year = {2016},
    journal = {Waste management (New York, N.Y.)},
    author = {Le Son, Hoang and Louati, Amal},
    pages = {34--49},
    volume = {52},
    doi = {10.1016/j.wasman.2016.03.041},
    issn = {0956-053X},
    language = {eng}
}

@article{Kargin2017ModelingTrucks,
    title = {{Modeling of Workflow in the Grip-Container-Grip System of Body Garbage Trucks}},
    year = {2017},
    journal = {Procedia Engineering},
    author = {Kargin, R. V. and Yakovlev, I. A. and Shemshura, E. A.},
    month = {1},
    pages = {1535--1539},
    volume = {206},
    publisher = {Elsevier},
    doi = {10.1016/J.PROENG.2017.10.727},
    issn = {1877-7058},
    keywords = {garbage truck, grip, load, manipulator, modeling, moment}
}

@article{Kargin2017ModelingTrucksb,
    title = {{Modeling of Workflow in the Grip-Container-Grip System of Body Garbage Trucks}},
    year = {2017},
    journal = {Procedia Engineering},
    author = {Kargin, R. V. and Yakovlev, I. A. and Shemshura, E. A.},
    month = {1},
    pages = {1535--1539},
    volume = {206},
    publisher = {Elsevier},
    doi = {10.1016/J.PROENG.2017.10.727},
    issn = {1877-7058},
    keywords = {garbage truck, grip, load, manipulator, modeling, moment}
}

@article{Kargin2017ModelingTrucksc,
    title = {{Modeling of Workflow in the Grip-Container-Grip System of Body Garbage Trucks}},
    year = {2017},
    journal = {Procedia Engineering},
    author = {Kargin, R. V. and Yakovlev, I. A. and Shemshura, E. A.},
    month = {1},
    pages = {1535--1539},
    volume = {206},
    publisher = {Elsevier},
    doi = {10.1016/J.PROENG.2017.10.727},
    issn = {1877-7058},
    keywords = {garbage truck, grip, load, manipulator, modeling, moment}
}

@article{2021MoreDemand-side,
    title = {{More Secure Iranian Energy System: A Markal Based Energy Security Model for Iranian Energy Demand-side}},
    year = {2021},
    journal = {Iranian Journal of Energy and Environment},
    number = {2},
    volume = {12},
    doi = {10.5829/ijee.2021.12.02.01},
    issn = {20792115}
}

@article{2021MoreDemand-sideb,
    title = {{More Secure Iranian Energy System: A Markal Based Energy Security Model for Iranian Energy Demand-side}},
    year = {2021},
    journal = {Iranian Journal of Energy and Environment},
    number = {2},
    volume = {12},
    doi = {10.5829/ijee.2021.12.02.01},
    issn = {20792115}
}

@article{Kaur2021MunicipalEnergy,
    title = {{Municipal solid waste as a source of energy}},
    year = {2021},
    journal = {Materials Today: Proceedings},
    author = {Kaur, Aashishdeep and Bharti, Ruchi and Sharma, Renu},
    month = {5},
    publisher = {Elsevier},
    doi = {10.1016/J.MATPR.2021.04.286},
    issn = {2214-7853}
}

@article{Kaur2021MunicipalEnergyb,
    title = {{Municipal solid waste as a source of energy}},
    year = {2021},
    journal = {Materials Today: Proceedings},
    author = {Kaur, Aashishdeep and Bharti, Ruchi and Sharma, Renu},
    month = {5},
    publisher = {Elsevier},
    doi = {10.1016/J.MATPR.2021.04.286},
    issn = {2214-7853}
}

@article{Xue2015MunicipalSingapore,
    title = {{Municipal solid waste collection optimization in Singapore}},
    year = {2015},
    journal = {Applied Geography},
    author = {Xue, Weijian and Cao, Kai and Li, Wenwen},
    pages = {182--190},
    volume = {62},
    doi = {10.1016/j.apgeog.2015.04.002},
    issn = {01436228}
}

@article{Sharma2020MunicipalScenario,
    title = {{Municipal solid waste generation, composition, and management: the global scenario}},
    year = {2020},
    journal = {Social Responsibility Journal},
    author = {Sharma, Kapil Dev and Jain, Siddharth},
    number = {6},
    month = {6},
    volume = {16},
    doi = {10.1108/SRJ-06-2019-0210},
    issn = {1747-1117}
}

@article{Sharma2020MunicipalScenariob,
    title = {{Municipal solid waste generation, composition, and management: the global scenario}},
    year = {2020},
    journal = {Social Responsibility Journal},
    author = {Sharma, Kapil Dev and Jain, Siddharth},
    number = {6},
    month = {6},
    volume = {16},
    doi = {10.1108/SRJ-06-2019-0210},
    issn = {1747-1117}
}

@article{Soni2016MunicipalManagement,
    title = {{Municipal Solid Waste Management}},
    year = {2016},
    journal = {Procedia Environmental Sciences},
    author = {Soni, Ajaykumar and Patil, Deepak and Argade, Kuldeep},
    pages = {119--126},
    volume = {35},
    doi = {10.1016/j.proenv.2016.07.057},
    issn = {18780296}
}

@article{RaiSharma2013MunicipalEthiopia,
    title = {{Municipal solid waste management in Dessie City, Ethiopia}},
    year = {2013},
    journal = {Management of Environmental Quality: An International Journal},
    author = {Rai Sharma, Hardeep and Destaw, Bikes and Negash, Tigabu and Negussie, Leulesged and Endris, Yemer and Meserte, Gebrie and Fentaw, Berhanu and Ibrahime, Ahmed},
    number = {2},
    month = {2},
    volume = {24},
    doi = {10.1108/14777831311303056},
    issn = {1477-7835}
}

@article{RaiSharma2013MunicipalEthiopiab,
    title = {{Municipal solid waste management in Dessie City, Ethiopia}},
    year = {2013},
    journal = {Management of Environmental Quality: An International Journal},
    author = {Rai Sharma, Hardeep and Destaw, Bikes and Negash, Tigabu and Negussie, Leulesged and Endris, Yemer and Meserte, Gebrie and Fentaw, Berhanu and Ibrahime, Ahmed},
    number = {2},
    month = {2},
    volume = {24},
    doi = {10.1108/14777831311303056},
    issn = {1477-7835}
}

@article{Mwanza2018MunicipalCity,
    title = {{Municipal solid waste management in Kitwe City}},
    year = {2018},
    journal = {Management of Environmental Quality: An International Journal},
    author = {Mwanza, Bupe Getrude and Mbohwa, Charles and Telukdarie, Arnesh},
    number = {6},
    month = {9},
    volume = {29},
    doi = {10.1108/MEQ-10-2017-0120},
    issn = {1477-7835}
}

@article{Ayvaz-Cavdaroglu2019MunicipalTurkey,
    title = {{Municipal solid waste management via mathematical modeling: A case study in İstanbul, Turkey}},
    year = {2019},
    journal = {Journal of environmental management},
    author = {Ayvaz-Cavdaroglu, Nur and Coban, Asli and Firtina-Ertis, Irem},
    pages = {362--369},
    volume = {244},
    doi = {10.1016/j.jenvman.2019.05.065},
    language = {eng}
}

@misc{Srodowiska2019OcenaRegulacji,
    title = {{Ocena Skutk{\'{o}}w Regulacji}},
    year = {2019},
    booktitle = {Ustawa o zmianie ustawy o utrzymaniu Ustawa o zmianie ustawy o utrzymaniu czysto{\'{s}}ci i porz{\c{a}}dku w gminach oraz niekt{\'{o}}rych innych ustaw},
    author = {{\'{S}}rodowiska, Ministerstwo},
    url = {https://odpady.net.pl/wp-content/uploads/2019/05/projekt-ustawy-o-zmianie-ustawy-ucpg-29.04.2019-osr.pdf},
    address = {Warszawa}
}

@misc{KrakowOfficialKrakow,
    title = {{Official website of the Municipal Cleaning Company (MPO Krakow)}},
    author = {Krakow, M P O},
    url = {https://mpo.krakow.pl/pl/main}
}

@article{Ghiani2014OperationsIssues,
    title = {{Operations research in solid waste management: A survey of strategic and tactical issues}},
    year = {2014},
    journal = {Computers {\&} Operations Research},
    author = {Ghiani, G and Lagan{\`{a}}, D and Manni, E and Musmanno, R and Vigo, D},
    pages = {22--32},
    volume = {44},
    doi = {10.1016/j.cor.2013.10.006},
    issn = {03050548}
}

@article{Sulemana2018OptimalMethods,
    title = {{Optimal Routing of Solid Waste Collection Trucks: A Review of Methods}},
    year = {2018},
    journal = {Journal of Engineering},
    author = {Sulemana, Alhassan and Donkor, Emmanuel A and Forkuo, Eric K and Oduro-Kwarteng, Sampson},
    number = {11},
    pages = {1--12},
    volume = {2018},
    doi = {10.1155/2018/4586376},
    issn = {2314-4904}
}

@article{Lou2020OptimalDistance,
    title = {{Optimal transportation planning of classified domestic garbage based on map distance}},
    year = {2020},
    journal = {Journal of environmental management},
    author = {Lou, Catherine Xiaocui and Shuai, Jiangtao and Luo, Liuhong and Li, Hongjun},
    pages = {109781},
    volume = {254},
    doi = {10.1016/j.jenvman.2019.109781},
    language = {eng}
}

@article{Das2015OptimizationRoutes,
    title = {{Optimization of municipal solid waste collection and transportation routes}},
    year = {2015},
    journal = {Waste management (New York, N.Y.)},
    author = {Das, Swapan and Bhattacharyya, Bidyut Kr},
    pages = {9--18},
    volume = {43},
    doi = {10.1016/j.wasman.2015.06.033},
    issn = {0956-053X},
    language = {eng}
}

@article{Banyai2019OptimizationSustainability,
    title = {{Optimization of Municipal Waste Collection Routing: Impact of Industry 4.0 Technologies on Environmental Awareness and Sustainability}},
    year = {2019},
    journal = {International Journal of Environmental Research and Public Health},
    author = {B{\'{a}}nyai, Tamás and Tam{\'{a}}s, Péter and Ill{\'{e}}s, Béla and Stankevi{\v{c}}i{\={u}}t{\.{e}}, Živilė and B{\'{a}}nyai, Ágota},
    number = {4},
    month = {2},
    volume = {16},
    doi = {10.3390/ijerph16040634},
    issn = {1660-4601}
}

@article{Banyai2019OptimizationSustainabilityb,
    title = {{Optimization of Municipal Waste Collection Routing: Impact of Industry 4.0 Technologies on Environmental Awareness and Sustainability}},
    year = {2019},
    journal = {International Journal of Environmental Research and Public Health},
    author = {B{\'{a}}nyai, Tamás and Tam{\'{a}}s, Péter and Ill{\'{e}}s, Béla and Stankevi{\v{c}}i{\={u}}t{\.{e}}, Živilė and B{\'{a}}nyai, Ágota},
    number = {4},
    month = {2},
    volume = {16},
    doi = {10.3390/ijerph16040634},
    issn = {1660-4601}
}

@article{Ghiani2021OptimizingStations,
    title = {{Optimizing a waste collection system with solid waste transfer stations}},
    year = {2021},
    journal = {Computers {\&} Industrial Engineering},
    author = {Ghiani, Gianpaolo and Manni, Andrea and Manni, Emanuele and Moretto, Valentino},
    month = {11},
    pages = {107618},
    volume = {161},
    publisher = {Pergamon},
    doi = {10.1016/J.CIE.2021.107618},
    issn = {0360-8352},
    keywords = {Heuristics, Matheuristics, Municipal solid waste management, Transfer stations, Vehicle routing with transshipment}
}

@article{Ghiani2021OptimizingStationsb,
    title = {{Optimizing a waste collection system with solid waste transfer stations}},
    year = {2021},
    journal = {Computers {\&} Industrial Engineering},
    author = {Ghiani, Gianpaolo and Manni, Andrea and Manni, Emanuele and Moretto, Valentino},
    month = {11},
    pages = {107618},
    volume = {161},
    publisher = {Pergamon},
    doi = {10.1016/J.CIE.2021.107618},
    issn = {0360-8352},
    keywords = {Heuristics, Matheuristics, Municipal solid waste management, Transfer stations, Vehicle routing with transshipment}
}

@article{Ghiani2021OptimizingStationsc,
    title = {{Optimizing a waste collection system with solid waste transfer stations}},
    year = {2021},
    journal = {Computers {\&} Industrial Engineering},
    author = {Ghiani, Gianpaolo and Manni, Andrea and Manni, Emanuele and Moretto, Valentino},
    month = {11},
    pages = {107618},
    volume = {161},
    publisher = {Pergamon},
    doi = {10.1016/J.CIE.2021.107618},
    issn = {0360-8352},
    keywords = {Heuristics, Matheuristics, Municipal solid waste management, Transfer stations, Vehicle routing with transshipment}
}

@article{Korcyl2015OptymalizacjaKlienta,
    title = {{Optymalizacja tras odbioru odpad{\'{o}}w komunalnych z wykorzystaniem r{\'{o}}{\.{z}}nych typ{\'{o}}w pojazd{\'{o}}w i ograniczeniami czasowymi w obs{\l}udze klienta}},
    year = {2015},
    journal = {Logistyka},
    author = {Korcyl, Antoni and Gdowska, Katarzyna and Ksi{\c{a}}{\.{z}}ek, Roger},
    number = {4},
    pages = {9202--9211}
}

@article{Jakubiak2016OptymalizacjaCracow,
    title = {{Optymalizacja tras zbi{\'{o}}rki odpad{\'{o}}w komunalnych na przyk{\l}adzie MPO Krak{\'{o}}w / Optimization of municipal solid waste collection and transportation routes on the example of MPO Cracow}},
    year = {2016},
    journal = {Prace Naukowe Uniwersytetu Ekonomicznego we Wroc{\l}awiu},
    author = {Jakubiak, Michał and Hanczar, Paweł},
    number = {446},
    doi = {10.15611/pn.2016.446.06},
    issn = {18993192}
}

@misc{W2021PreparingTrucks,
    title = {{Preparing for the Future of Electric Garbage Trucks}},
    year = {2021},
    author = {W, M S},
    url = {https://www.mswmanagement.com/collection/collection-vehicles/article/21213526/preparing-for-the-future-of-electric-garbage-trucks},
    institution = {MSW Management}
}

@misc{W2021PreparingTrucksb,
    title = {{Preparing for the Future of Electric Garbage Trucks}},
    year = {2021},
    author = {W, M S},
    url = {https://www.mswmanagement.com/collection/collection-vehicles/article/21213526/preparing-for-the-future-of-electric-garbage-trucks},
    institution = {MSW Management}
}

@misc{W2021PreparingTrucksc,
    title = {{Preparing for the Future of Electric Garbage Trucks}},
    year = {2021},
    author = {W, M S},
    url = {https://www.mswmanagement.com/collection/collection-vehicles/article/21213526/preparing-for-the-future-of-electric-garbage-trucks},
    institution = {MSW Management}
}

@article{Berghida2016QuantumWindows,
    title = {{Quantum Inspired Algorithm for a VRP with Heterogeneous Fleet Mixed Backhauls and Time Windows}},
    year = {2016},
    journal = {International Journal of Applied Metaheuristic Computing},
    author = {Berghida, Meryem and Boukra, Abdelmadjid},
    number = {4},
    volume = {7},
    doi = {10.4018/ijamc.2016100102},
    issn = {1947-8283}
}

@article{Berghida2016QuantumWindowsb,
    title = {{Quantum Inspired Algorithm for a VRP with Heterogeneous Fleet Mixed Backhauls and Time Windows}},
    year = {2016},
    journal = {International Journal of Applied Metaheuristic Computing},
    author = {Berghida, Meryem and Boukra, Abdelmadjid},
    number = {4},
    volume = {7},
    doi = {10.4018/ijamc.2016100102},
    issn = {1947-8283}
}

@article{Berghida2016QuantumWindowsc,
    title = {{Quantum Inspired Algorithm for a VRP with Heterogeneous Fleet Mixed Backhauls and Time Windows}},
    year = {2016},
    journal = {International Journal of Applied Metaheuristic Computing},
    author = {Berghida, Meryem and Boukra, Abdelmadjid},
    number = {4},
    volume = {7},
    doi = {10.4018/ijamc.2016100102},
    issn = {1947-8283}
}

@article{Calabro2020RecentSystems,
    title = {{Recent advancements toward resilient and sustainable municipal solid waste collection systems}},
    year = {2020},
    journal = {Current Opinion in Green and Sustainable Chemistry},
    author = {Calabr{\`{o}}, P S and Satira, A},
    pages = {100375},
    volume = {26},
    doi = {10.1016/j.cogsc.2020.100375},
    issn = {24522236}
}

@article{Teixeira2004RecyclableStudy,
    title = {{Recyclable waste collection planning––a case study}},
    year = {2004},
    journal = {European Journal of Operational Research},
    author = {Teixeira, João and Antunes, António Pais and Sousa, Jorge Pinho},
    number = {3},
    pages = {543--554},
    volume = {158},
    doi = {10.1016/S0377-2217(03)00379-5},
    issn = {03772217}
}

@article{DeOliveira2021RiskWaste,
    title = {{Risk management applied to the reverse logistics of solid waste}},
    year = {2021},
    journal = {Journal of Cleaner Production},
    author = {De Oliveira, Ualison Rébula and Aparecida Neto, Lilian and Abreu, Poliana Aparecida Ferreira and Fernandes, Vicente Aprigliano},
    month = {5},
    pages = {126517},
    volume = {296},
    publisher = {Elsevier},
    doi = {10.1016/J.JCLEPRO.2021.126517},
    issn = {0959-6526},
    keywords = {Reverse logistics, Risk management, Solid waste management}
}

@article{DeOliveira2021RiskWasteb,
    title = {{Risk management applied to the reverse logistics of solid waste}},
    year = {2021},
    journal = {Journal of Cleaner Production},
    author = {De Oliveira, Ualison Rébula and Aparecida Neto, Lilian and Abreu, Poliana Aparecida Ferreira and Fernandes, Vicente Aprigliano},
    month = {5},
    pages = {126517},
    volume = {296},
    publisher = {Elsevier},
    doi = {10.1016/J.JCLEPRO.2021.126517},
    issn = {0959-6526},
    keywords = {Reverse logistics, Risk management, Solid waste management}
}

@article{DeOliveira2021RiskWastec,
    title = {{Risk management applied to the reverse logistics of solid waste}},
    year = {2021},
    journal = {Journal of Cleaner Production},
    author = {De Oliveira, Ualison Rébula and Aparecida Neto, Lilian and Abreu, Poliana Aparecida Ferreira and Fernandes, Vicente Aprigliano},
    month = {5},
    pages = {126517},
    volume = {296},
    publisher = {Elsevier},
    doi = {10.1016/J.JCLEPRO.2021.126517},
    issn = {0959-6526},
    keywords = {Reverse logistics, Risk management, Solid waste management}
}

@article{Puspita2018RobustCity,
    title = {{Robust Counterpart Open Capacitated Vehicle Routing (RC-OCVRP) Model in Optimization of Garbage Transportation in District Sako and Sukarami, Palembang City}},
    year = {2018},
    journal = {International Journal of Electrical and Computer Engineering (IJECE)},
    author = {Puspita, Fitri Maya and Hartono, Yusuf and Syaputri, Nadia Zuliaty and Yuliza, Evi and Pratiwi, Weni Dwi},
    number = {6},
    month = {12},
    volume = {8},
    doi = {10.11591/ijece.v8i6.pp4382-4390},
    issn = {2088-8708}
}

@article{Puspita2018RobustCityb,
    title = {{Robust Counterpart Open Capacitated Vehicle Routing (RC-OCVRP) Model in Optimization of Garbage Transportation in District Sako and Sukarami, Palembang City}},
    year = {2018},
    journal = {International Journal of Electrical and Computer Engineering (IJECE)},
    author = {Puspita, Fitri Maya and Hartono, Yusuf and Syaputri, Nadia Zuliaty and Yuliza, Evi and Pratiwi, Weni Dwi},
    number = {6},
    month = {12},
    volume = {8},
    doi = {10.11591/ijece.v8i6.pp4382-4390},
    issn = {2088-8708}
}

@article{Kanudia1998RobustQuebec,
    title = {{Robust responses to climate change via stochastic MARKAL: The case of Qu{\'{e}}bec}},
    year = {1998},
    journal = {European Journal of Operational Research},
    author = {Kanudia, Amit and Loulou, Richard},
    number = {1},
    month = {4},
    volume = {106},
    doi = {10.1016/S0377-2217(98)00356-7},
    issn = {03772217}
}

@article{Kanudia1998RobustQuebecb,
    title = {{Robust responses to climate change via stochastic MARKAL: The case of Qu{\'{e}}bec}},
    year = {1998},
    journal = {European Journal of Operational Research},
    author = {Kanudia, Amit and Loulou, Richard},
    number = {1},
    month = {4},
    volume = {106},
    doi = {10.1016/S0377-2217(98)00356-7},
    issn = {03772217}
}

@article{Erdinc2019RouteManagement,
    title = {{Route optimization of an electric garbage truck fleet for sustainable environmental and energy management}},
    year = {2019},
    journal = {Journal of Cleaner Production},
    author = {Erdin{\c{c}}, Oğuzhan and Yetilmezsoy, Kaan and Ereno{\u{g}}lu, Ayşe Kübra and Erdin{\c{c}}, Ozan},
    pages = {1275--1286},
    volume = {234},
    doi = {10.1016/j.jclepro.2019.06.295},
    issn = {09596526}
}

@article{Erdinc2019RouteManagementb,
    title = {{Route optimization of an electric garbage truck fleet for sustainable environmental and energy management}},
    year = {2019},
    journal = {Journal of Cleaner Production},
    author = {Erdin{\c{c}}, Oğuzhan and Yetilmezsoy, Kaan and Ereno{\u{g}}lu, Ayşe Kübra and Erdin{\c{c}}, Ozan},
    month = {10},
    pages = {1275--1286},
    volume = {234},
    publisher = {Elsevier Ltd},
    doi = {10.1016/j.jclepro.2019.06.295},
    issn = {09596526},
    keywords = {Electric vehicles, Garbage trucks, Route optimization, Solid waste management}
}

@misc{Baldacci2008RoutingVehicles,
    title = {{Routing a heterogeneous fleet of vehicles}},
    year = {2008},
    booktitle = {Operations Research/ Computer Science Interfaces Series},
    author = {Baldacci, Roberto and Battarra, Maria and Vigo, Daniele},
    volume = {43},
    doi = {10.1007/978-0-387-77778-8{\_}1},
    issn = {1387666X}
}

@misc{Baldacci2008RoutingVehiclesb,
    title = {{Routing a heterogeneous fleet of vehicles}},
    year = {2008},
    booktitle = {Operations Research/ Computer Science Interfaces Series},
    author = {Baldacci, Roberto and Battarra, Maria and Vigo, Daniele},
    volume = {43},
    doi = {10.1007/978-0-387-77778-8{\_}1},
    issn = {1387666X}
}

@misc{Baldacci2008RoutingVehiclesc,
    title = {{Routing a heterogeneous fleet of vehicles}},
    year = {2008},
    booktitle = {Operations Research/ Computer Science Interfaces Series},
    author = {Baldacci, Roberto and Battarra, Maria and Vigo, Daniele},
    volume = {43},
    doi = {10.1007/978-0-387-77778-8{\_}1},
    issn = {1387666X}
}

@misc{RozporzadzenieOdpadow,
    title = {{Rozporz{\c{a}}dzenie Ministra {\'{S}}rodowiska z dnia 7 pa{\'{z}}dziernika 2016 r. w sprawie Rozporz{\c{a}}dzenie Ministra {\'{S}}rodowiska z dnia 7 pa{\'{z}}dziernika 2016 r. w sprawie szczeg{\'{o}}{\l}owych wymaga{\'{n}} dla transportu odpad{\'{o}}w}},
    institution = {Minister {\'{S}}rodowiska}
}

@article{Strachan2008ScenariosModels,
    title = {{Scenarios and Sensitivities on Long-term UK Carbon Reductions using the UK MARKAL and MARKAL-Macro Energy System Models}},
    year = {2008},
    journal = {UK Energy Research Centre},
    author = {Strachan, Neil and Kannan, Ramachandran and Pye, Steve},
    number = {October 2014}
}

@article{Strachan2008ScenariosModelsb,
    title = {{Scenarios and Sensitivities on Long-term UK Carbon Reductions using the UK MARKAL and MARKAL-Macro Energy System Models}},
    year = {2008},
    journal = {UK Energy Research Centre},
    author = {Strachan, Neil and Kannan, Ramachandran and Pye, Steve},
    number = {October 2014}
}

@inproceedings{Second2007,
    title = {{Second International Multi-Symposiums on Computer and Computational Sciences (IMSCCS 2007)}},
    booktitle = {Second International Multi-Symposiums on Computer and Computational Sciences (IMSCCS 2007)},
    publisher = {IEEE},
    address = {Iowa City, IA, USA},
    isbn = {0-7695-3039-7}
}

@book{2020SelectedManagement,
    title = {{Selected Big Data-Based Tools for Supporting Decision Making and Risk Management}},
    year = {2020},
    editor = {Iwaszczuk, Natalia},
    edition = {1},
    publisher = {Wydawnictwa AGH},
    address = {Krak{\'{o}}w},
    isbn = {978-83-66364-59-2}
}

@inproceedings{Vonolfen2011Simulation-basedTrucks,
    title = {{Simulation-based evolution of municipal glass-waste collection strategies utilizing electric trucks}},
    year = {2011},
    booktitle = {3rd IEEE International Symposium on Logistics and Industrial Informatics},
    author = {Vonolfen, Stefan and Affenzeller, Michael and Beham, Andreas and Wagner, Stefan and Lengauer, Efrem},
    month = {8},
    publisher = {IEEE},
    isbn = {978-1-4577-1842-7},
    doi = {10.1109/LINDI.2011.6031142}
}

@inproceedings{Vonolfen2011Simulation-basedTrucksb,
    title = {{Simulation-based evolution of municipal glass-waste collection strategies utilizing electric trucks}},
    year = {2011},
    booktitle = {3rd IEEE International Symposium on Logistics and Industrial Informatics},
    author = {Vonolfen, Stefan and Affenzeller, Michael and Beham, Andreas and Wagner, Stefan and Lengauer, Efrem},
    month = {8},
    publisher = {IEEE},
    isbn = {978-1-4577-1842-7},
    doi = {10.1109/LINDI.2011.6031142}
}

@incollection{WONG2014SINGAPORESMODEL,
    title = {{SINGAPORE'S MUNICIPAL SOLID WASTE MANAGEMENT: A SUSTAINABLE MODEL}},
    year = {2014},
    booktitle = {Sustainability Matters},
    author = {WONG, WENDY SHIH LING and REIDINGER, RICK},
    month = {6},
    publisher = {WORLD SCIENTIFIC},
    doi = {10.1142/9789814546829{\_}0006}
}

@article{Nguene2011SOCIO-MARKAL:Framework,
    title = {{SOCIO-MARKAL: Integrating energy consumption behavioral changes in the technological optimization framework}},
    year = {2011},
    journal = {Energy for Sustainable Development},
    author = {Nguene, Gustave and Fragni{\`{e}}re, Emmanuel and Kanala, Roman and Lavigne, Denis and Moresino, Francesco},
    number = {1},
    volume = {15},
    doi = {10.1016/j.esd.2011.01.006},
    issn = {09730826}
}

@article{Nguene2011SOCIO-MARKAL:Frameworkb,
    title = {{SOCIO-MARKAL: Integrating energy consumption behavioral changes in the technological optimization framework}},
    year = {2011},
    journal = {Energy for Sustainable Development},
    author = {Nguene, Gustave and Fragni{\`{e}}re, Emmanuel and Kanala, Roman and Lavigne, Denis and Moresino, Francesco},
    number = {1},
    volume = {15},
    doi = {10.1016/j.esd.2011.01.006},
    issn = {09730826}
}

@article{Hannan2020SolidGoals,
    title = {{Solid waste collection optimization objectives, constraints, modeling approaches, and their challenges toward achieving sustainable development goals}},
    year = {2020},
    journal = {Journal of Cleaner Production},
    author = {Hannan, M A and Hossain Lipu, M S and Akhtar, Mahmuda and Begum, R A and Al Mamun, Md Abdullah and Hussain, Aini and Mia, M S and Basri, Hassan},
    pages = {123557},
    volume = {277},
    doi = {10.1016/j.jclepro.2020.123557},
    issn = {09596526}
}

@article{Malakahmad2014SolidMalaysia,
    title = {{Solid Waste Collection Routes Optimization via GIS Techniques in Ipoh City, Malaysia}},
    year = {2014},
    journal = {Procedia Engineering},
    author = {Malakahmad, Amirhossein and Bakri, Putri Md and Mokhtar, Munirah Radin Md and Khalil, Noordiana},
    pages = {20--27},
    volume = {77},
    doi = {10.1016/j.proeng.2014.07.023},
    issn = {18777058}
}

@article{Guerrero2013SolidCountries,
    title = {{Solid waste management challenges for cities in developing countries}},
    year = {2013},
    journal = {Waste management (New York, N.Y.)},
    author = {Guerrero, Lilliana Abarca and Maas, Ger and Hogland, William},
    number = {1},
    pages = {220--232},
    volume = {33},
    doi = {10.1016/j.wasman.2012.09.008},
    issn = {1879-2456},
    language = {eng}
}

@inproceedings{Liu2018SolvingACO,
    title = {{Solving full-vehicle-mode vehicle routing problems using ACO}},
    year = {2018},
    booktitle = {Lecture Notes in Computer Science (including subseries Lecture Notes in Artificial Intelligence and Lecture Notes in Bioinformatics)},
    author = {Liu, Yahui and Cao, Buyang},
    volume = {11184 LNCS},
    doi = {10.1007/978-3-030-00898-7{\_}20},
    issn = {16113349}
}

@inproceedings{Liu2018SolvingACOb,
    title = {{Solving full-vehicle-mode vehicle routing problems using ACO}},
    year = {2018},
    booktitle = {Lecture Notes in Computer Science (including subseries Lecture Notes in Artificial Intelligence and Lecture Notes in Bioinformatics)},
    author = {Liu, Yahui and Cao, Buyang},
    volume = {11184 LNCS},
    doi = {10.1007/978-3-030-00898-7{\_}20},
    issn = {16113349}
}

@inproceedings{Liu2018SolvingACOc,
    title = {{Solving full-vehicle-mode vehicle routing problems using ACO}},
    year = {2018},
    booktitle = {Lecture Notes in Computer Science (including subseries Lecture Notes in Artificial Intelligence and Lecture Notes in Bioinformatics)},
    author = {Liu, Yahui and Cao, Buyang},
    volume = {11184 LNCS},
    doi = {10.1007/978-3-030-00898-7{\_}20},
    issn = {16113349}
}

@article{Gdowska2020SolvingSolver,
    title = {{Solving the Garbage Truck Routing Problem for Collecting Recyclables from Big Recycling Bins Using the VRP Spreadsheet Solver}},
    year = {2020},
    journal = {Науковий вісник Льотної академії. Серія: Економіка, менеджмент та право{\_}},
    author = {Gdowska, Katarzyna and Ksi{\c{a}}{\.{z}}ek, Roger and Korcyl, Antoni},
    pages = {63--72},
    volume = {2}
}

@article{Gdowska2020SolvingSolverb,
    title = {{Solving the garbage truck routing problem for collecting recyclables from big recycling bins using the VRP spreadsheet solver}},
    year = {2020},
    journal = {Scientific Bulletin of Flight Academy. Section: Economics, Management and Law},
    author = {Gdowska, Katarzyna and Ksi{\c{a}}{\.{z}}ek, Roger and Korcyl, Antoni},
    pages = {63--72},
    volume = {2},
    doi = {10.33251/2707-8620-2020-2-63-72},
    issn = {27078620}
}

@article{Li2001SpecialProblem,
    title = {{Special kind of vehicle routing problem}},
    year = {2001},
    journal = {Dongbei Daxue Xuebao/Journal of Northeastern University},
    author = {Li, J. and Wang, M. G. and Tang, L. X. and Song, J. H.},
    number = {3},
    volume = {22},
    issn = {10053026}
}

@article{Li2001SpecialProblemb,
    title = {{Special kind of vehicle routing problem}},
    year = {2001},
    journal = {Dongbei Daxue Xuebao/Journal of Northeastern University},
    author = {Li, J. and Wang, M. G. and Tang, L. X. and Song, J. H.},
    number = {3},
    volume = {22},
    issn = {10053026}
}

@article{Li2001SpecialProblemc,
    title = {{Special kind of vehicle routing problem}},
    year = {2001},
    journal = {Dongbei Daxue Xuebao/Journal of Northeastern University},
    author = {Li, J. and Wang, M. G. and Tang, L. X. and Song, J. H.},
    number = {3},
    volume = {22},
    issn = {10053026}
}

@article{Nnaji2015StatusNigeria,
    title = {{Status of municipal solid waste generation and disposal in Nigeria}},
    year = {2015},
    journal = {Management of Environmental Quality: An International Journal},
    author = {Nnaji, Charles Chidozie},
    number = {1},
    month = {1},
    volume = {26},
    doi = {10.1108/MEQ-08-2013-0092},
    issn = {1477-7835}
}

@article{Lin2014SurveyTrends,
    title = {{Survey of Green Vehicle Routing Problem: Past and future trends}},
    year = {2014},
    journal = {Expert Systems with Applications},
    author = {Lin, Canhong and Choy, K. L. and Ho, G. T.S. and Chung, S. H. and Lam, H. Y.},
    number = {4 PART 1},
    pages = {1118--1138},
    volume = {41},
    doi = {10.1016/j.eswa.2013.07.107},
    issn = {09574174},
    keywords = {Green Logistics, Green vehicle routing, Literature review, Reverse logistics, Vehicle routing}
}

@article{Parameswari2021SustainableRecovery,
    title = {{Sustainable landfill design for effective municipal solid waste management for resource and energy recovery}},
    year = {2021},
    journal = {Materials Today: Proceedings},
    author = {Parameswari, K. and Majid Salim Al Aamri, Ahmed and Gopalakrishnan, K. and Arunachalam, S. and Ali Said Al Alawi, Aliya and Sivasakthivel, T.},
    month = {5},
    doi = {10.1016/j.matpr.2021.04.528},
    issn = {22147853}
}

@incollection{DAlessandro2012SUSTAINABLERECOVERY,
    title = {{SUSTAINABLE MUNICIPAL SOLID WASTE MANAGEMENT AND RECOVERY}},
    year = {2012},
    booktitle = {Handbook of Sustainability Management},
    author = {D'Alessandro, Giuseppe and Gnoni, Maria Grazia and Mummolo, Giovanni},
    month = {3},
    publisher = {WORLD SCIENTIFIC},
    doi = {10.1142/9789814354820{\_}0027}
}

@article{Chen2005TheModelling,
    title = {{The costs of mitigating carbon emissions in China: Findings from China MARKAL-MACRO modelling}},
    year = {2005},
    journal = {Energy Policy},
    author = {Chen, Wenying},
    number = {7},
    volume = {33},
    doi = {10.1016/j.enpol.2003.10.012},
    issn = {03014215}
}

@article{Chen2005TheModellingb,
    title = {{The costs of mitigating carbon emissions in China: Findings from China MARKAL-MACRO modelling}},
    year = {2005},
    journal = {Energy Policy},
    author = {Chen, Wenying},
    number = {7},
    volume = {33},
    doi = {10.1016/j.enpol.2003.10.012},
    issn = {03014215}
}

@article{Kannan2011TheSlicing,
    title = {{The development and application of a temporal MARKAL energy system model using flexible time slicing}},
    year = {2011},
    journal = {Applied Energy},
    author = {Kannan, Ramachandran},
    number = {6},
    volume = {88},
    doi = {10.1016/j.apenergy.2010.12.066},
    issn = {03062619}
}

@article{Kannan2011TheSlicingb,
    title = {{The development and application of a temporal MARKAL energy system model using flexible time slicing}},
    year = {2011},
    journal = {Applied Energy},
    author = {Kannan, Ramachandran},
    number = {6},
    volume = {88},
    doi = {10.1016/j.apenergy.2010.12.066},
    issn = {03062619}
}

@article{Leeabai2020TheBehaviors,
    title = {{The effects of color preference and noticeability of trash bins on waste collection performance and waste-sorting behaviors}},
    year = {2020},
    journal = {Waste management (New York, N.Y.)},
    author = {Leeabai, Nattapon and Areeprasert, Chinnathan and Khaobang, Chanoknunt and Viriyapanitchakij, Niti and Bussa, Bundit and Dilinazi, Dilixiati and Takahashi, Fumitake},
    pages = {153--163},
    volume = {121},
    doi = {10.1016/j.wasman.2020.12.010},
    issn = {0956-053X},
    language = {eng}
}

@article{Leeabai2019TheArrangements,
    title = {{The effects of setting conditions of trash bins on waste collection performance and waste separation behaviors; distance from walking path, separated setting, and arrangements}},
    year = {2019},
    journal = {Waste management (New York, N.Y.)},
    author = {Leeabai, Nattapon and Suzuki, Shinya and Jiang, Qiuhui and Dilixiati, Dilinazi and Takahashi, Fumitake},
    pages = {58--67},
    volume = {94},
    doi = {10.1016/j.wasman.2019.05.039},
    issn = {0956-053X},
    language = {eng}
}

@article{Schneider2014TheStations,
    title = {{The Electric Vehicle-Routing Problem with Time Windows and Recharging Stations}},
    year = {2014},
    journal = {Transportation Science},
    author = {Schneider, Michael and Stenger, Andreas and Goeke, Dominik},
    number = {4},
    month = {11},
    volume = {48},
    doi = {10.1287/trsc.2013.0490},
    issn = {0041-1655}
}

@article{Schneider2014TheStationsb,
    title = {{The Electric Vehicle-Routing Problem with Time Windows and Recharging Stations}},
    year = {2014},
    journal = {Transportation Science},
    author = {Schneider, Michael and Stenger, Andreas and Goeke, Dominik},
    number = {4},
    month = {11},
    volume = {48},
    doi = {10.1287/trsc.2013.0490},
    issn = {0041-1655}
}

@article{Schneider2014TheStationsc,
    title = {{The Electric Vehicle-Routing Problem with Time Windows and Recharging Stations}},
    year = {2014},
    journal = {Transportation Science},
    author = {Schneider, Michael and Stenger, Andreas and Goeke, Dominik},
    number = {4},
    month = {11},
    volume = {48},
    doi = {10.1287/trsc.2013.0490},
    issn = {0041-1655}
}

@article{Dodds2013TheNetwork,
    title = {{The future of the UK gas network}},
    year = {2013},
    journal = {Energy Policy},
    author = {Dodds, Paul E. and McDowall, Will},
    volume = {60},
    doi = {10.1016/j.enpol.2013.05.030},
    issn = {03014215}
}

@article{Dodds2013TheNetworkb,
    title = {{The future of the UK gas network}},
    year = {2013},
    journal = {Energy Policy},
    author = {Dodds, Paul E. and McDowall, Will},
    volume = {60},
    doi = {10.1016/j.enpol.2013.05.030},
    issn = {03014215}
}

@article{Likas2003TheAlgorithm,
    title = {{The global k-means clustering algorithm}},
    year = {2003},
    journal = {Pattern Recognition},
    author = {Likas, Aristidis and Vlassis, Nikos and J. Verbeek, Jakob},
    number = {2},
    pages = {451--461},
    volume = {36},
    doi = {10.1016/S0031-3203(02)00060-2},
    issn = {00313203}
}

@article{Jakubiak2016TheMunicipality,
    title = {{The Improvement in Collection of Municipal Waste on the Example of a Chosen Municipality}},
    year = {2016},
    journal = {Transportation Research Procedia},
    author = {Jakubiak, Michał},
    pages = {122--129},
    volume = {16},
    doi = {10.1016/j.trpro.2016.11.013},
    issn = {23521465}
}

@article{Christofides1984TheProblem,
    title = {{The period routing problem}},
    year = {1984},
    journal = {Networks},
    author = {Christofides, N and Beasley, J E},
    number = {2},
    pages = {237--256},
    volume = {14},
    doi = {10.1002/net.3230140205},
    issn = {00283045}
}

@article{Franca2019TheJaneiro,
    title = {{The planning of selective collection in a real-life vehicle routing problem: A case in Rio de Janeiro}},
    year = {2019},
    journal = {Sustainable Cities and Society},
    author = {Franca, Luíza Santana and Ribeiro, Glaydston Mattos and Chaves, Gisele de Lorena Diniz},
    pages = {101488},
    volume = {47},
    doi = {10.1016/j.scs.2019.101488},
    issn = {22106707}
}

@article{Ramos2018TheApproaches,
    title = {{The smart waste collection routing problem: Alternative operational management approaches}},
    year = {2018},
    journal = {Expert Systems with Applications},
    author = {Ramos, Tânia Rodrigues Pereira and Morais, Carolina Soares and Barbosa-P{\'{o}}voa, Ana Paula},
    pages = {146--158},
    volume = {103},
    doi = {10.1016/j.eswa.2018.03.001},
    issn = {09574174}
}

@article{Laporte1992TheAlgorithms,
    title = {{The travelling salesman problem: an overview of exact and approximate algorithms}},
    year = {1992},
    journal = {European Journal of Operational Research},
    author = {Laporte, Golbert},
    pages = {231--247},
    volume = {59},
    issn = {03772217}
}

@article{Dantzig1959TheProblem,
    title = {{The truck dispatching problem}},
    year = {1959},
    journal = {Management Science},
    author = {Dantzig, G B and Ramser, J H},
    number = {80–91},
    volume = {6}
}

@article{Victor2018TheModel,
    title = {{The U.S. power sector decarbonization: Investigating technology options with MARKAL nine-region model}},
    year = {2018},
    journal = {Energy Economics},
    author = {Victor, Nadejda and Nichols, Christopher and Zelek, Charles},
    volume = {73},
    doi = {10.1016/j.eneco.2018.03.021},
    issn = {01409883}
}

@article{Victor2018TheModelb,
    title = {{The U.S. power sector decarbonization: Investigating technology options with MARKAL nine-region model}},
    year = {2018},
    journal = {Energy Economics},
    author = {Victor, Nadejda and Nichols, Christopher and Zelek, Charles},
    volume = {73},
    doi = {10.1016/j.eneco.2018.03.021},
    issn = {01409883}
}

@article{Buhrkal2012TheContext,
    title = {{The Waste Collection Vehicle Routing Problem with Time Windows in a City Logistics Context}},
    year = {2012},
    journal = {Procedia - Social and Behavioral Sciences},
    author = {Buhrkal, Katja and Larsen, Allan and Ropke, Stefan},
    pages = {241--254},
    volume = {39},
    doi = {10.1016/j.sbspro.2012.03.105},
    issn = {18770428}
}

@article{Saxena2010TowardsCity,
    title = {{Towards sustainable municipal solid waste management in Allahabad City}},
    year = {2010},
    journal = {Management of Environmental Quality: An International Journal},
    author = {Saxena, S. and Srivastava, R.K. and Samaddar, A.B.},
    number = {3},
    month = {4},
    volume = {21},
    doi = {10.1108/14777831011036876},
    issn = {1477-7835}
}

@book{2007Transportation,
    title = {{Transportation}},
    year = {2007},
    booktitle = {Handbooks in Operations Research and Management Science},
    publisher = {Elsevier},
    isbn = {9780444513465}
}

@article{Erfani2018UsingSystems,
    title = {{Using applied operations research and geographical information systems to evaluate effective factors in storage service of municipal solid waste management systems}},
    year = {2018},
    journal = {Waste management (New York, N.Y.)},
    author = {Erfani, Seyed Mohammad Hassan and Danesh, Shahnaz and Karrabi, Seyed Mohsen and Shad, Rouzbeh and Nemati, Samaneh},
    pages = {346--355},
    volume = {79},
    doi = {10.1016/j.wasman.2018.08.003},
    issn = {0956-053X},
    language = {eng}
}

@misc{PolishParliamentUstawaAlternatywnych,
    title = {{Ustawa z dnia 11 stycznia 2018 r. o elektromobilno{\'{s}}ci i paliwach alternatywnych}},
    booktitle = {Dziennik Ustaw},
    author = {{Polish Parliament}},
    number = {Dz. U. 2019 poz. 1124, z p{\'{o}}{\'{z}}n. zm.},
    url = {http://isap.sejm.gov.pl/isap.nsf/DocDetails.xsp?id=WDU20190001124},
    institution = {Polish Parliament}
}

@misc{PolishParliamentUstawaAlternatywnychb,
    title = {{Ustawa z dnia 11 stycznia 2018 r. o elektromobilno{\'{s}}ci i paliwach alternatywnych}},
    booktitle = {Dziennik Ustaw},
    author = {{Polish Parliament}},
    number = {Dz. U. 2019 poz. 1124, z p{\'{o}}{\'{z}}n. zm.},
    url = {http://isap.sejm.gov.pl/isap.nsf/DocDetails.xsp?id=WDU20190001124},
    institution = {Polish Parliament}
}

@misc{2019UstawaUstaw,
    title = {{Ustawa z dnia 19 lipca 2019 r. o zmianie ustawy o utrzymaniu czysto{\'{s}}ci i porz{\c{a}}dku w gminach oraz niekt{\'{o}}rych innych ustaw}},
    year = {2019},
    institution = {Dz.U. 2019 poz. 1579}
}

@article{Asefi2019VariableManagement,
    title = {{Variable fleet size and mix VRP with fleet heterogeneity in Integrated Solid Waste Management}},
    year = {2019},
    journal = {Journal of Cleaner Production},
    author = {Asefi, Hossein and Shahparvari, Shahrooz and Chhetri, Prem and Lim, Samsung},
    month = {9},
    volume = {230},
    doi = {10.1016/j.jclepro.2019.04.250},
    issn = {09596526}
}

@article{Asefi2019VariableManagementb,
    title = {{Variable fleet size and mix VRP with fleet heterogeneity in Integrated Solid Waste Management}},
    year = {2019},
    journal = {Journal of Cleaner Production},
    author = {Asefi, Hossein and Shahparvari, Shahrooz and Chhetri, Prem and Lim, Samsung},
    month = {9},
    volume = {230},
    doi = {10.1016/j.jclepro.2019.04.250},
    issn = {09596526}
}

@article{Nowakowski2018VehicleAlgorithms,
    title = {{Vehicle route planning in e-waste mobile collection on demand supported by artificial intelligence algorithms}},
    year = {2018},
    journal = {Transportation Research Part D: Transport and Environment},
    author = {Nowakowski, Piotr and Szwarc, Krzysztof and Boryczka, Urszula},
    pages = {1--22},
    volume = {63},
    doi = {10.1016/j.trd.2018.04.007},
    issn = {13619209}
}

@book{Toth2014VehicleRouting,
    title = {{Vehicle Routing}},
    year = {2014},
    author = {Toth, Paolo and Vigo, Daniele},
    publisher = {Society for Industrial and Applied Mathematics},
    address = {Philadelphia, PA},
    isbn = {978-1-61197-358-7},
    doi = {10.1137/1.9781611973594}
}

@article{Bing2014VehicleWaste,
    title = {{Vehicle routing for the eco-efficient collection of household plastic waste}},
    year = {2014},
    journal = {Waste management (New York, N.Y.)},
    author = {Bing, Xiaoyun and Keizer, Marlies and Bloemhof-Ruwaard, Jacqueline M and van der Vorst, Jack G A J},
    number = {4},
    pages = {719--729},
    volume = {34},
    doi = {10.1016/j.wasman.2014.01.018},
    issn = {0956-053X},
    language = {eng}
}

@article{Jiang2014VehicleWindows,
    title = {{Vehicle routing problem with a heterogeneous fleet and time windows}},
    year = {2014},
    journal = {Expert Systems with Applications},
    author = {Jiang, Jun and Ng, Kien Ming and Poh, Kim Leng and Teo, Kwong Meng},
    number = {8},
    pages = {3748--3760},
    volume = {41},
    doi = {10.1016/j.eswa.2013.11.029},
    issn = {09574174}
}

@article{Lau2003VehicleVehicles,
    title = {{Vehicle routing problem with time windows and a limited number of vehicles}},
    year = {2003},
    journal = {European Journal of Operational Research},
    author = {Lau, Hoong Chuin and Sim, Melvyn and Teo, Kwong Meng},
    number = {3},
    pages = {559--569},
    volume = {148},
    doi = {10.1016/S0377-2217(02)00363-6},
    issn = {03772217}
}

@article{Liong2008VehicleSolutions,
    title = {{Vehicle Routing Problem: Models and Solutions}},
    year = {2008},
    journal = {Journal of Quality Measurement and Analysis},
    author = {Liong, Choong Yeun and Wan Rosmanira, Ismail and Khairuddin, Omar and Mourad, Zirour},
    number = {1},
    pages = {205--218},
    volume = {4},
    url = {http://www.ukm.my/jqma/jqma4_1a.html}
}

@article{El-Sherbeny2010VehicleWindows,
    title = {{Vehicle routing with time windows}},
    year = {2010},
    journal = {Journal of King Saud University - Science},
    author = {El-Sherbeny, Nasser A},
    number = {3},
    pages = {123--131},
    volume = {22},
    doi = {10.1016/j.jksus.2010.03.002},
    issn = {10183647}
}

@misc{Erdogan2017VRPSolver,
    title = {{VRP Spreadsheet Solver}},
    year = {2017},
    author = {Erdo{\u{g}}an, Güneş},
    url = {https://people.bath.ac.uk/ge277/vrp-spreadsheet-solver/},
    institution = {School of Management, University of Bath}
}

@article{Hannan2020WasteGoals,
    title = {{Waste collection route optimisation model for linking cost saving and emission reduction to achieve sustainable development goals}},
    year = {2020},
    journal = {Sustainable Cities and Society},
    author = {Hannan, M. A. and Begum, R. A. and Al-Shetwi, Ali Q. and Ker, P. J. and Al Mamun, M. A. and Hussain, Aini and Basri, Hassan and Mahlia, T. M.I.},
    month = {11},
    volume = {62},
    publisher = {Elsevier Ltd},
    doi = {10.1016/j.scs.2020.102393},
    issn = {22106707},
    keywords = {Collection efficiency, Cost saving, Emission reduction, Optimisation model, Sustainable development goals, Waste collection}
}

@article{Salvia2002WasteModel,
    title = {{Waste management system optimisation for Southern Italy with MARKAL model}},
    year = {2002},
    journal = {Resources, Conservation and Recycling},
    author = {Salvia, M. and Cosmi, C. and Macchiato, M. and Mangiamele, L.},
    number = {2},
    volume = {34},
    doi = {10.1016/S0921-3449(01)00095-7},
    issn = {09213449}
}

@article{Salvia2002WasteModelb,
    title = {{Waste management system optimisation for Southern Italy with MARKAL model}},
    year = {2002},
    journal = {Resources, Conservation and Recycling},
    author = {Salvia, M. and Cosmi, C. and Macchiato, M. and Mangiamele, L.},
    number = {2},
    volume = {34},
    doi = {10.1016/S0921-3449(01)00095-7},
    issn = {09213449}
}

@article{Hanczar2010WspomaganiePojazdow,
    title = {{Wspomaganie decyzji w obszarze wyznaczania tras pojazd{\'{o}}w}},
    year = {2010},
    journal = {Decyzje},
    author = {Hanczar, Paweł},
    pages = {55--83},
    volume = {13}
}

@article{Ambroziak2011WybranePojazdow,
    title = {{Wybrane aspekty zagadnienia okien czasowych w problemie trasowania pojazd{\'{o}}w}},
    year = {2011},
    journal = {Automatyka},
    author = {Ambroziak, Tomasz and Roland, Jachimowski},
    number = {2},
    pages = {51--59},
    volume = {15}
}